{"company": "AMD", "groupings": {}, "statement": {"year": ["ttm", "12/31/2020", "12/31/2019", "12/31/2018", "12/31/2017", "12/31/2016", "12/31/2015", "12/31/2014", "12/31/2013", "12/31/2012", "12/31/2011", "12/31/2010", "12/31/2009", "12/31/2008", "12/31/2007", "12/31/2006", "12/31/2005", "12/31/2004", "12/31/2003", "12/31/2002", "12/31/2001", "12/31/2000", "12/31/1999", "12/31/1998", "12/31/1997", "12/31/1996", "12/31/1995", "12/31/1994", "12/31/1993", "12/31/1992", "12/31/1991", "12/31/1990", "12/31/1989", "12/31/1988", "12/31/1987", "3/31/1987", "3/31/1986"], "year_adjusted": ["2021", "2020", "2019", "2018", "2017", "2016", "2015", "2014", "2013", "2012", "2011", "2010", "2009", "2008", "2007", "2006", "2005", "2004", "2003", "2002", "2001", "2000", "1999", "1998", "1997", "1996", "1995", "1994", "1993", "1992", "1991", "1990", "1989", "1988", "1987", "1986", "1985"], "total_revenue": [14852000.0, 9763000.0, 6731000.0, 6475000.0, 5329000.0, 4272000.0, 3991000.0, 5506000.0, 5299000.0, 5422000.0, 6568000.0, 6494000.0, 5403000.0, 5808000.0, 6013000.0, 5649000.0, 5847577.0, 5001435.0, 3519168.0, 2697029.0, 3891754.0, 4644187.0, 2857604.0, 2542141.0, 2356375.0, 1953019.0, 2429724.0, 2134700.0, 1648280.0, 1514500.0, 1226600.0, 1059200.0, 1104600.0, 1125900.0, 997100.0, 632000.0, 576100.0], "cost_of_revenue": [7898000.0, 5416000.0, 3863000.0, 4028000.0, 3506000.0, 3274000.0, 2911000.0, 3667000.0, 3321000.0, 4187000.0, 3628000.0, 3533000.0, 3131000.0, 3488000.0, 3751000.0, 2856000.0, 3455812.0, 3032585.0, 2327063.0, 2105661.0, 2589747.0, 2514637.0, 1964434.0, 1718703.0, 1578438.0, 1440828.0, 1298876.0, 982306.0, 789564.0, 594200.0, 502900.0, 550200.0, 507000.0, 508700.0, 409600.0, 254500.0, 235000.0], "gross_profit": [6954000.0, 4347000.0, 2868000.0, 2447000.0, 1823000.0, 998000.0, 1080000.0, 1839000.0, 1978000.0, 1235000.0, 2940000.0, 2961000.0, 2272000.0, 2320000.0, 2262000.0, 2793000.0, 2391765.0, 1968850.0, 1192105.0, 591368.0, 1302007.0, 2129550.0, 893170.0, 823438.0, 777937.0, 512191.0, 1130848.0, 1152394.0, 858716.0, 920300.0, 723700.0, 509000.0, 597600.0, 617200.0, 587500.0, 377500.0, 341100.0], "operating_expense": [3943000.0, 2978000.0, 2237000.0, 1996000.0, 1619000.0, 1380000.0, 1432000.0, 1690000.0, 1893000.0, 2191000.0, 2474000.0, 2113000.0, 1543000.0, 4185000.0, 5127000.0, 2424000.0, 2160110.0, 1742585.0, 1439382.0, 1486179.0, 1270960.0, 1240814.0, 1175856.0, 987080.0, 868590.0, 765501.0, 782571.0, 639255.0, 553663.0, 650400.0, 614600.0, 560200.0, 559100.0, 585700.0, 603700.0, 439200.0, 418900.0], "operating_income": [3011000.0, 1369000.0, 631000.0, 451000.0, 204000.0, -382000.0, -352000.0, 149000.0, 85000.0, -956000.0, 466000.0, 848000.0, 729000.0, -1865000.0, -2865000.0, 369000.0, 231655.0, 226265.0, -247277.0, -894811.0, 31047.0, 888736.0, -282686.0, -163642.0, -90653.0, -253310.0, 348277.0, 513139.0, 305053.0, 269900.0, 109100.0, -51200.0, 38500.0, 31500.0, -16200.0, -61700.0, -77800.0], "net_non_operating_interest_income_expense": [-27000.0, -39000.0, -79000.0, -103000.0, -120000.0, -154000.0, -160000.0, -174000.0, -172000.0, -167000.0, -170000.0, -188000.0, -422000.0, 0.0, 0.0, 0.0, 0.0, 0.0, 0.0, 0.0, 0.0, 0.0, 0.0, 0.0, 0.0, 0.0, 0.0, 0.0, 0.0, 0.0, 0.0, 0.0, 0.0, 0.0, 0.0, 0.0, 0.0], "other_income_expense": [28000.0, -55000.0, -180000.0, -18000.0, -15000.0, 88000.0, -134000.0, -373000.0, 13000.0, -94000.0, -297000.0, 311000.0, -65000.0, -1017000.0, -1770000.0, -474000.0, -106576.0, -5456.0, 21220.0, -324398.0, -70426.0, 347938.0, 398618.0, 91.0, 24587.0, 54798.0, 34926.0, -68585.0, 16490.0, 18900.0, 57000.0, 5900.0, 30300.0, 4000.0, -14000.0, -19700.0, 500.0], "pretax_income": [3012000.0, 1275000.0, 372000.0, 330000.0, 69000.0, -448000.0, -646000.0, -398000.0, -74000.0, -1217000.0, -1000.0, 971000.0, 408000.0, -2260000.0, -3166000.0, -213000.0, 140266.0, 78331.0, -277467.0, -1264603.0, -93923.0, 1251899.0, 73625.0, -207429.0, -100832.0, -208756.0, 378333.0, 469554.0, 317752.0, 271600.0, 0.0, 0.0, 49900.0, 0.0, -45600.0, 0.0, -84700.0], "tax_provision": [-948000.0, -1210000.0, 31000.0, -9000.0, 19000.0, 39000.0, 14000.0, 5000.0, 9000.0, -34000.0, -4000.0, 38000.0, 112000.0, 68000.0, 23000.0, 23000.0, -6642.0, 5838.0, 2936.0, 44586.0, -14463.0, 256868.0, 167350.0, -91878.0, -55155.0, -85008.0, 112738.0, 153703.0, 88971.0, 26600.0, 0.0, 0.0, 3800.0, 0.0, 2500.0, 0.0, -48100.0], "earnings_from_equity_interest_net_of_tax": [9000.0, 5000.0, 0.0, -2000.0, -7000.0, -10000.0, 0.0, 0.0, 0.0, 0.0, 492000.0, -462000.0, 0.0, 0.0, 0.0, 0.0, 0.0, 0.0, 0.0, 0.0, 0.0, 0.0, 0.0, 0.0, 0.0, 0.0, 0.0, 0.0, 0.0, 0.0, 0.0, 0.0, 0.0, 0.0, 0.0, 0.0, 0.0], "net_income_common_stockholders": [3969000.0, 2490000.0, 341000.0, 337000.0, 43000.0, -497000.0, -660000.0, -403000.0, -83000.0, -1183000.0, 491000.0, 471000.0, 304000.0, -3098000.0, -3379000.0, -166000.0, 165483.0, 91156.0, -274490.0, -1303012.0, -60581.0, 983026.0, -88936.0, -103960.0, -21090.0, -68950.0, 300511.0, 294916.0, 218431.0, 234600.0, 134900.0, -64000.0, 35700.0, 8900.0, -55900.0, -95900.0, -36600.0], "average_dilution_earnings": [-3000.0, 1000.0, 0.0, 0.0, 0.0, 0.0, 0.0, 0.0, 0.0, 0.0, 0.0, 0.0, 0.0, 0.0, 0.0, 0.0, 0.0, 0.0, 0.0, 0.0, 0.0, 0.0, 0.0, 0.0, 0.0, 0.0, 0.0, 0.0, 0.0, 0.0, 0.0, 0.0, 0.0, 0.0, 0.0, 0.0, 0.0], "diluted_ni_available_to_com_stockholders": [3966000.0, 2491000.0, 341000.0, 337000.0, 43000.0, -497000.0, -660000.0, -403000.0, -83000.0, -1183000.0, 491000.0, 471000.0, 304000.0, -3098000.0, -3379000.0, -166000.0, 165483.0, 91156.0, -274490.0, -1303012.0, -60581.0, 983026.0, -88936.0, -103960.0, -21090.0, -68950.0, 300511.0, 294916.0, 218431.0, 234600.0, 134900.0, -64000.0, 35700.0, 8900.0, -55900.0, -95900.0, -36600.0], "basic_average_shares": [0.0, 1184000.0, 1091000.0, 982000.0, 952000.0, 835000.0, 783000.0, 768000.0, 754000.0, 741000.0, 727000.0, 711000.0, 673000.0, 607000.0, 558000.0, 492000.0, 400004.0, 358886.0, 346934.0, 342334.0, 332407.0, 309331.0, 294136.0, 287336.0, 280906.0, 271374.0, 211150.0, 195020.0, 190216.0, 181860.0, 175195.0, 164103.0, 162273.0, 148333.0, 155278.0, 115542.0, 110909.0], "diluted_average_shares": [0.0, 1207000.0, 1120000.0, 1064000.0, 1039000.0, 835000.0, 783000.0, 768000.0, 754000.0, 741000.0, 742000.0, 733000.0, 678000.0, 607000.0, 558000.0, 492000.0, 440776.0, 371066.0, 346934.0, 342334.0, 332407.0, 350000.0, 294136.0, 287336.0, 280906.0, 271374.0, 214070.0, 209140.0, 204126.0, 187680.0, 177500.0, 164103.0, 162273.0, 148333.0, 155278.0, 115542.0, 110909.0], "total_operating_income_as_reported": [3011000.0, 1369000.0, 631000.0, 451000.0, 204000.0, -372000.0, -481000.0, -155000.0, 103000.0, -1056000.0, 368000.0, 848000.0, 664000.0, -1955000.0, -2865000.0, -47000.0, 231655.0, 220809.0, -233384.0, -1225386.0, -58258.0, 888736.0, -320916.0, -163642.0, -90653.0, -253310.0, 348277.0, 513139.0, 305053.0, 269900.0, 109100.0, -51200.0, 38500.0, 31500.0, -16200.0, -61700.0, -77800.0], "total_expenses": [11841000.0, 8394000.0, 6100000.0, 6024000.0, 5125000.0, 4654000.0, 4343000.0, 5357000.0, 5214000.0, 6378000.0, 6102000.0, 5646000.0, 4674000.0, 7673000.0, 8878000.0, 5280000.0, 5615922.0, 4775170.0, 3766445.0, 3591840.0, 3860707.0, 3755451.0, 3140290.0, 2705783.0, 2447028.0, 2206329.0, 2081447.0, 1621561.0, 1343227.0, 1244600.0, 1117500.0, 1110400.0, 1066100.0, 1094400.0, 1013300.0, 693700.0, 653900.0], "net_income_from_continuing_and_discontinued_operation": [3969000.0, 2490000.0, 341000.0, 337000.0, 43000.0, -497000.0, -660000.0, -403000.0, -83000.0, -1183000.0, 491000.0, 471000.0, 376000.0, -3098000.0, -3379000.0, -166000.0, 165483.0, 91156.0, -274490.0, -1303012.0, -60581.0, 1006070.0, -88936.0, -103960.0, -21090.0, -68950.0, 300521.0, 305266.0, 228781.0, 245000.0, 145300.0, -53600.0, 46100.0, 19300.0, -48100.0, -95900.0, -36600.0], "normalized_income": [4008420.0, 2529420.0, 502333.0, 345760.0, 49522.0, -549800.0, -582600.0, -165750.0, -94050.0, -1081906.0, 688050.0, 172171.0, 426157.0, -1787400.0, -2329250.0, 91400.0, 231292.0, 96205.0, -283674.0, -1104667.0, 14972.0, 738297.0, -325233.0, -97060.0, -21090.0, -68950.0, 300521.0, 344280.0, 216908.0, 227951.0, 111100.0, -57140.0, 18107.0, 16900.0, -39700.0, -84080.0, -36900.0], "interest_income": [0.0, 8000.0, 15000.0, 18000.0, 6000.0, 2000.0, 0.0, 3000.0, 5000.0, 8000.0, 10000.0, 11000.0, 16000.0, 0.0, 0.0, 0.0, 0.0, 0.0, 0.0, 0.0, 0.0, 0.0, 0.0, 0.0, 0.0, 0.0, 0.0, 0.0, 0.0, 0.0, 0.0, 0.0, 0.0, 0.0, 0.0, 0.0, 0.0], "interest_expense": [35000.0, 47000.0, 94000.0, 121000.0, 126000.0, 156000.0, 160000.0, 177000.0, 177000.0, 175000.0, 180000.0, 199000.0, 438000.0, 0.0, 0.0, 0.0, 0.0, 0.0, 0.0, 0.0, 0.0, 0.0, 0.0, 0.0, 0.0, 0.0, 0.0, 0.0, 0.0, 0.0, 0.0, 0.0, 0.0, 0.0, 0.0, 0.0, 0.0], "net_interest_income": [-27000.0, -39000.0, -79000.0, -103000.0, -120000.0, -154000.0, -160000.0, -174000.0, -172000.0, -167000.0, -170000.0, -188000.0, -422000.0, 0.0, 0.0, 0.0, 0.0, 0.0, 0.0, 0.0, 0.0, 0.0, 0.0, 0.0, 0.0, 0.0, 0.0, 0.0, 0.0, 0.0, 0.0, 0.0, 0.0, 0.0, 0.0, 0.0, 0.0], "ebit": [3047000.0, 1322000.0, 466000.0, 451000.0, 195000.0, -292000.0, -486000.0, -221000.0, 103000.0, -1042000.0, 179000.0, 1170000.0, 846000.0, -1865000.0, -2865000.0, 369000.0, 231655.0, 226265.0, -247277.0, -894811.0, 31047.0, 888736.0, -282686.0, -163642.0, -90653.0, -253310.0, 348277.0, 513139.0, 305053.0, 269900.0, 109100.0, -51200.0, 38500.0, 31500.0, -16200.0, -61700.0, -77800.0], "ebitda": [3477000.0, 0.0, 0.0, 0.0, 0.0, 0.0, 0.0, 0.0, 0.0, 0.0, 0.0, 0.0, 0.0, 0.0, 0.0, 0.0, 0.0, 0.0, 0.0, 0.0, 0.0, 0.0, 0.0, 0.0, 0.0, 0.0, 0.0, 0.0, 0.0, 0.0, 0.0, 0.0, 0.0, 0.0, 0.0, 0.0, 0.0], "reconciled_cost_of_revenue": [7898000.0, 5416000.0, 3863000.0, 4028000.0, 3506000.0, 3141000.0, 2747000.0, 3478000.0, 3103000.0, 3941000.0, 3340000.0, 3211000.0, 2073000.0, 2402000.0, 2912000.0, 2098000.0, 3455812.0, 3032585.0, 2327063.0, 2105661.0, 2589747.0, 2514637.0, 1964434.0, 1718703.0, 1578438.0, 1440828.0, 1298876.0, 982306.0, 789564.0, 594200.0, 502900.0, 550200.0, 507000.0, 508700.0, 409600.0, 254500.0, 235000.0], "reconciled_depreciation": [430000.0, 354000.0, 258000.0, 170000.0, 144000.0, 133000.0, 167000.0, 203000.0, 236000.0, 260000.0, 317000.0, 383000.0, 1128000.0, 1223000.0, 1138000.0, 837000.0, 1219344.0, 1224252.0, 995663.0, 756169.0, 622867.0, 579070.0, 515520.0, 467521.0, 394465.0, 332640.0, 262501.0, 215984.0, 175067.0, 152300.0, 155900.0, 128300.0, 136400.0, 153200.0, 152700.0, 119900.0, 112800.0], "net_income_from_continuing_operation_net_minority_interest": [3969000.0, 2490000.0, 341000.0, 337000.0, 43000.0, -497000.0, -660000.0, -403000.0, -83000.0, -1183000.0, 495000.0, 471000.0, 379000.0, -2414000.0, -3379000.0, -166000.0, 165483.0, 91156.0, -274490.0, -1303012.0, -60581.0, 1006070.0, -88936.0, -103960.0, -21090.0, -68950.0, 300521.0, 305266.0, 228781.0, 245000.0, 145300.0, -53600.0, 46100.0, 19300.0, -48100.0, -95900.0, -36600.0], "total_unusual_items_excluding_goodwill": [-54000.0, -54000.0, -176000.0, -12000.0, -9000.0, 88000.0, -129000.0, -365000.0, 17000.0, -104000.0, -297000.0, 311000.0, -65000.0, -964000.0, -1615000.0, -429000.0, -109681.0, -5456.0, 15307.0, -330575.0, -89305.0, 336899.0, 393829.0, -11500.0, 0.0, 0.0, 0.0, -58000.0, 16490.0, 18900.0, 57000.0, 5900.0, 30300.0, 4000.0, -14000.0, -19700.0, 500.0], "total_unusual_items": [-54000.0, -54000.0, -176000.0, -12000.0, -9000.0, 88000.0, -129000.0, -365000.0, 17000.0, -104000.0, -297000.0, 311000.0, -65000.0, -964000.0, -1615000.0, -429000.0, -109681.0, -5456.0, 15307.0, -330575.0, -89305.0, 336899.0, 393829.0, -11500.0, 0.0, 0.0, 0.0, -58000.0, 16490.0, 18900.0, 57000.0, 5900.0, 30300.0, 4000.0, -14000.0, -19700.0, 500.0], "normalized_ebitda": [3531000.0, 1730000.0, 900000.0, 633000.0, 348000.0, -247000.0, -190000.0, 347000.0, 322000.0, -678000.0, 793000.0, 1242000.0, 2039000.0, 322000.0, -112000.0, 1635000.0, 1560680.0, 1455973.0, 733079.0, 191933.0, 743219.0, 1130907.0, -160995.0, 315379.0, 303812.0, 79330.0, 610778.0, 787123.0, 463630.0, 403300.0, 208000.0, 71200.0, 144600.0, 180700.0, 150500.0, 77900.0, 34500.0], "tax_effect_of_unusual_items": [-14580.0, -14580.0, -14667.0, -3240.0, -2478.0, 35200.0, -51600.0, -127750.0, 5950.0, -2906.0, -103950.0, 12171.0, -17843.0, -337400.0, -565250.0, -171600.0, -43872.0, -406.635, 6123.0, -132230.0, -13752.0, 69126.0, 157532.0, -4600.0, 0.0, 0.0, 0.0, -18986.0, 4617.0, 1851.0, 22800.0, 2360.0, 2307.0, 1600.0, -5600.0, -7880.0, 200.0], "operating_revenue": [14852000.0, 9763000.0, 6731000.0, 6475000.0, 5329000.0, 4272000.0, 3991000.0, 5506000.0, 5297000.0, 5422000.0, 6568000.0, 6494000.0, 5403000.0, 5808000.0, 6013000.0, 5649000.0, 5847577.0, 5001435.0, 3519168.0, 2697029.0, 3891754.0, 4644187.0, 2857604.0, 2542141.0, 2356375.0, 1953019.0, 2429724.0, 2134659.0, 1648280.0, 1514500.0, 1226600.0, 1059200.0, 1104600.0, 1125900.0, 997100.0, 632000.0, 576100.0], "selling_general_and_administrative": [1344000.0, 995000.0, 750000.0, 562000.0, 511000.0, 460000.0, 482000.0, 604000.0, 674000.0, 823000.0, 992000.0, 934000.0, -248000.0, 1304000.0, 1373000.0, 1140000.0, 1016085.0, 807011.0, 587307.0, 670065.0, 620030.0, 599015.0, 540070.0, 419678.0, 400713.0, 364798.0, 385016.0, 359230.0, 290861.0, 498100.0, 458700.0, 431900.0, 422700.0, 432500.0, 451000.0, 319300.0, 306100.0], "research_and_development": [2607000.0, 1983000.0, 1547000.0, 1434000.0, 1160000.0, 1008000.0, 947000.0, 1072000.0, 1201000.0, 1354000.0, 1453000.0, 1405000.0, 1721000.0, 1848000.0, 1847000.0, 1205000.0, 1144025.0, 934574.0, 852075.0, 816114.0, 650930.0, 641799.0, 635786.0, 567402.0, 467877.0, 400703.0, 397555.0, 279984.0, 262802.0, 0.0, 0.0, 0.0, 0.0, 0.0, 0.0, 0.0, 0.0], "depreciation_amortization_depletion": [0.0, 0.0, 0.0, 0.0, 0.0, 0.0, 3000.0, 14000.0, 18000.0, 14000.0, 29000.0, 61000.0, 70000.0, 137000.0, 299000.0, 79000.0, 0.0, 0.0, 0.0, 0.0, 0.0, 0.0, 0.0, 0.0, 0.0, 0.0, 0.0, 0.0, 0.0, 152300.0, 155900.0, 128300.0, 136400.0, 153200.0, 152700.0, 119900.0, 112800.0], "other_operating_expenses": [0.0, 0.0, -60000.0, 0.0, -52000.0, -88000.0, 0.0, 0.0, 0.0, 0.0, 0.0, -287000.0, 0.0, 896000.0, 1608000.0, 0.0, 0.0, 1000.0, 0.0, 0.0, 0.0, 0.0, 0.0, 0.0, 0.0, 0.0, 0.0, 41.0, 0.0, 0.0, 0.0, 0.0, 0.0, 0.0, 0.0, 0.0, 0.0], "interest_income_non_operating": [0.0, 8000.0, 15000.0, 18000.0, 6000.0, 2000.0, 0.0, 3000.0, 5000.0, 8000.0, 10000.0, 11000.0, 16000.0, 0.0, 0.0, 0.0, 0.0, 0.0, 0.0, 0.0, 0.0, 0.0, 0.0, 0.0, 0.0, 0.0, 0.0, 0.0, 0.0, 0.0, 0.0, 0.0, 0.0, 0.0, 0.0, 0.0, 0.0], "interest_expense_non_operating": [35000.0, 47000.0, 94000.0, 121000.0, 126000.0, 156000.0, 160000.0, 177000.0, 177000.0, 175000.0, 180000.0, 199000.0, 438000.0, 0.0, 0.0, 0.0, 0.0, 0.0, 0.0, 0.0, 0.0, 0.0, 0.0, 0.0, 0.0, 0.0, 0.0, 0.0, 0.0, 0.0, 0.0, 0.0, 0.0, 0.0, 0.0, 0.0, 0.0], "earnings_from_equity_interest": [0.0, 0.0, 0.0, 0.0, 3000.0, 146000.0, 0.0, 0.0, 0.0, 0.0, 0.0, 0.0, 0.0, -53000.0, -155000.0, -45000.0, 3105.0, 0.0, 5913.0, 6177.0, 18879.0, 11039.0, 4789.0, 11591.0, 24587.0, 54798.0, 34926.0, -10585.0, 0.0, 0.0, 0.0, 0.0, 0.0, 0.0, 0.0, 0.0, 0.0], "special_income_charges": [0.0, -54000.0, -176000.0, -12000.0, -9000.0, 88000.0, -129000.0, -365000.0, 17000.0, -104000.0, -297000.0, 311000.0, -65000.0, -964000.0, -1615000.0, -429000.0, -109681.0, -5456.0, 15307.0, -330575.0, -89305.0, 336899.0, 393829.0, -11500.0, 0.0, 0.0, 0.0, -58000.0, 16490.0, 18900.0, 57000.0, 5900.0, 30300.0, 4000.0, -14000.0, -19700.0, 500.0], "other_non_operating_income_expenses": [82000.0, -1000.0, -4000.0, -6000.0, -6000.0, 80000.0, -5000.0, -8000.0, -4000.0, 10000.0, 0.0, 0.0, 0.0, 0.0, 0.0, 0.0, 0.0, 0.0, 0.0, 0.0, 0.0, 0.0, 0.0, 0.0, 0.0, 0.0, 0.0, 0.0, 0.0, 0.0, 0.0, 0.0, 0.0, 0.0, 0.0, 0.0, 0.0], "net_income": [3969000.0, 2490000.0, 341000.0, 337000.0, 43000.0, -497000.0, -660000.0, -403000.0, -83000.0, -1183000.0, 491000.0, 471000.0, 376000.0, -3098000.0, -3379000.0, -166000.0, 165483.0, 91156.0, -274490.0, -1303012.0, -60581.0, 983026.0, -88936.0, -103960.0, -21090.0, -68950.0, 300521.0, 305266.0, 228781.0, 245000.0, 145300.0, -53600.0, 46100.0, 19300.0, -48100.0, -95900.0, -36600.0], "preferred_stock_dividends": [0.0, 0.0, 0.0, 0.0, 0.0, 0.0, 0.0, 0.0, 0.0, 0.0, 0.0, 0.0, 72000.0, 0.0, 0.0, 0.0, 0.0, 0.0, 0.0, 0.0, 0.0, 0.0, 0.0, 0.0, 0.0, 0.0, 10.0, 10350.0, 10350.0, 10400.0, 10400.0, 10400.0, 10400.0, 10400.0, 7800.0, 0.0, 0.0]}, "currency": "USD"}