{"company": "ATVI", "groupings": {}, "statement": {"year": ["ttm", "12/31/2020", "12/31/2019", "12/31/2018", "12/31/2017", "12/31/2016", "12/31/2015", "12/31/2014", "12/31/2013", "12/31/2012", "12/31/2011", "12/31/2010", "12/31/2009", "12/31/2008", "3/31/2008", "3/31/2007", "3/31/2006", "3/31/2005", "3/31/2004", "3/31/2003", "3/31/2002", "3/31/2001", "3/31/2000", "3/31/1999", "3/31/1998", "3/31/1997", "3/31/1996", "3/31/1995", "3/31/1994", "3/31/1993"], "year_adjusted": ["2021", "2020", "2019", "2018", "2017", "2016", "2015", "2014", "2013", "2012", "2011", "2010", "2009", "2008", "2007", "2006", "2005", "2004", "2003", "2002", "2001", "2000", "1999", "1998", "1997", "1996", "1995", "1994", "1993", "1992"], "total_revenue": [9052000.0, 8086000.0, 6489000.0, 7500000.0, 7017000.0, 6608000.0, 4664000.0, 4408000.0, 4583000.0, 4856000.0, 4755000.0, 4447000.0, 4279000.0, 3026000.0, 2898136.0, 1513012.0, 1468000.0, 1405857.0, 947656.0, 864116.0, 786434.0, 620183.0, 572205.0, 436485.0, 259926.0, 86483.0, 61393.0, 40669.0, 26600.0, 21100.0], "cost_of_revenue": [2476000.0, 2260000.0, 2094000.0, 2517000.0, 2501000.0, 2394000.0, 1585000.0, 1525000.0, 1531000.0, 1662000.0, 1755000.0, 2126000.0, 2307000.0, 1839000.0, 1645435.0, 978065.0, 940362.0, 844946.0, 567147.0, 565173.0, 534731.0, 414609.0, 410660.0, 297866.0, 163123.0, 29822.0, 21749.0, 21293.0, 14900.0, 9800.0], "gross_profit": [6576000.0, 5826000.0, 4395000.0, 4983000.0, 4516000.0, 4214000.0, 3079000.0, 2883000.0, 3052000.0, 3194000.0, 3000000.0, 2321000.0, 1972000.0, 1187000.0, 1252701.0, 534947.0, 527638.0, 560911.0, 380509.0, 298943.0, 251703.0, 205574.0, 161545.0, 138619.0, 96803.0, 56661.0, 39644.0, 19376.0, 11700.0, 11300.0], "operating_expense": [3302000.0, 2998000.0, 2656000.0, 2995000.0, 3207000.0, 2802000.0, 1760000.0, 1700000.0, 1680000.0, 1743000.0, 1647000.0, 1526000.0, 1566000.0, 1327000.0, 773087.0, 461800.0, 509681.0, 376340.0, 270692.0, 204096.0, 171129.0, 165767.0, 191870.0, 110774.0, 85200.0, 46854.0, 37112.0, 22333.0, 13800.0, 11400.0], "operating_income": [3274000.0, 2828000.0, 1739000.0, 1988000.0, 1309000.0, 1412000.0, 1319000.0, 1183000.0, 1372000.0, 1451000.0, 1353000.0, 795000.0, 406000.0, -140000.0, 479614.0, 73147.0, 17957.0, 184571.0, 109817.0, 94847.0, 80574.0, 39807.0, -30325.0, 27845.0, 11603.0, 9807.0, 2532.0, -2957.0, -2100.0, -100.0], "net_non_operating_interest_income_expense": [-103000.0, -78000.0, -11000.0, -71000.0, -146000.0, -214000.0, -198000.0, -204000.0, -53000.0, 5000.0, 10000.0, 3000.0, 11000.0, 0.0, 0.0, 0.0, 0.0, 0.0, 0.0, 0.0, 0.0, 0.0, 0.0, 0.0, 0.0, 0.0, 0.0, 0.0, 0.0, 0.0], "other_income_expense": [-82000.0, -134000.0, -95000.0, -40000.0, -12000.0, -92000.0, 0.0, 2000.0, 0.0, 2000.0, -32000.0, -306000.0, -432000.0, -80000.0, 1103.0, 1823.0, 4297.0, 471.0, 21.0, 234.0, 0.0, 0.0, 0.0, -600.0, -1474.0, 0.0, 0.0, 0.0, 200.0, 0.0], "pretax_income": [3089000.0, 2616000.0, 1633000.0, 1877000.0, 1151000.0, 1106000.0, 1121000.0, 981000.0, 1319000.0, 1458000.0, 1331000.0, 492000.0, -8000.0, -187000.0, 530868.0, 109825.0, 48587.0, 197663.0, 115992.0, 103407.0, 83120.0, 32544.0, -30325.0, 24215.0, 9435.0, 10731.0, 4239.0, -1365.0, -1900.0, -200.0], "tax_provision": [445000.0, 419000.0, 130000.0, 64000.0, 878000.0, 140000.0, 229000.0, 146000.0, 309000.0, 309000.0, 246000.0, 74000.0, -121000.0, -80000.0, 185985.0, 24038.0, 6688.0, 59328.0, 38277.0, 37227.0, 30882.0, 12037.0, -4648.0, 8961.0, 3608.0, 3624.0, -1291.0, 155.0, 100.0, 100.0], "net_income_common_stockholders": [2644000.0, 2197000.0, 1503000.0, 1813000.0, 273000.0, 962000.0, 881000.0, 817000.0, 987000.0, 1125000.0, 1085000.0, 418000.0, 113000.0, -107000.0, 344883.0, 85787.0, 41899.0, 138335.0, 77715.0, 66180.0, 52238.0, 20507.0, -34088.0, 15254.0, 5827.0, 7107.0, 5530.0, -1520.0, -5300.0, -1400.0], "diluted_ni_available_to_com_stockholders": [2644000.0, 2197000.0, 1503000.0, 1813000.0, 273000.0, 962000.0, 881000.0, 817000.0, 987000.0, 1125000.0, 1085000.0, 418000.0, 113000.0, -107000.0, 344883.0, 85787.0, 41899.0, 138335.0, 77715.0, 66180.0, 52238.0, 20507.0, -34088.0, 15254.0, 5827.0, 7107.0, 5530.0, -1520.0, -5300.0, -1400.0], "basic_average_shares": [0.0, 771000.0, 767000.0, 762000.0, 754000.0, 740000.0, 728000.0, 716000.0, 1024000.0, 1112000.0, 1148000.0, 1222000.0, 1283000.0, 946000.0, 577914.0, 562228.0, 546354.0, 500033.0, 473751.0, 769874.0, 405188.0, 298365.0, 296277.0, 265931.0, 221257.0, 175419.0, 179391.0, 167320.0, 488470.0, 228737.0], "diluted_average_shares": [0.0, 778000.0, 771000.0, 771000.0, 766000.0, 754000.0, 739000.0, 726000.0, 1035000.0, 1118000.0, 1156000.0, 1236000.0, 1311000.0, 946000.0, 629462.0, 610678.0, 598874.0, 557706.0, 515149.0, 829199.0, 475616.0, 328784.0, 296277.0, 278782.0, 231708.0, 1047076.0, 1007422.0, 975644.0, 488470.0, 228737.0], "total_operating_income_as_reported": [3173000.0, 2734000.0, 1607000.0, 1988000.0, 1309000.0, 1412000.0, 1319000.0, 1183000.0, 1372000.0, 1451000.0, 1328000.0, 469000.0, -26000.0, -233000.0, 479614.0, 73147.0, 17957.0, 184571.0, 109817.0, 94847.0, 80574.0, 39807.0, -30325.0, 27245.0, 10129.0, 9807.0, 2532.0, -2957.0, -2100.0, -100.0], "total_expenses": [5778000.0, 5258000.0, 4750000.0, 5512000.0, 5708000.0, 5196000.0, 3345000.0, 3225000.0, 3211000.0, 3405000.0, 3402000.0, 3652000.0, 3873000.0, 3166000.0, 2418522.0, 1439865.0, 1450043.0, 1221286.0, 837839.0, 769269.0, 705860.0, 580376.0, 602530.0, 408640.0, 248323.0, 76676.0, 58861.0, 43626.0, 28700.0, 21200.0], "net_income_from_continuing_and_discontinued_operation": [2644000.0, 2197000.0, 1503000.0, 1813000.0, 273000.0, 966000.0, 892000.0, 835000.0, 1010000.0, 1149000.0, 1085000.0, 418000.0, 113000.0, -107000.0, 344883.0, 85787.0, 41899.0, 138335.0, 77715.0, 66180.0, 52238.0, 20507.0, -34088.0, 15254.0, 5827.0, 7107.0, 5530.0, -1520.0, -2000.0, -600.0], "normalized_income": [2700492.0, 2299480.0, 1589480.0, 1851800.0, 280200.0, 1046040.0, 892000.0, 833298.0, 1010000.0, 1147424.0, 1111086.0, 677976.0, 393800.0, -55000.0, 344166.0, 84363.0, 38193.0, 138005.0, 77701.0, 66030.0, 52238.0, 20507.0, -34088.0, 15632.0, 6737.0, 7107.0, 5530.0, -1520.0, -2120.0, -300.0], "interest_income": [5000.0, 21000.0, 79000.0, 0.0, 0.0, 0.0, 0.0, 4000.0, 5000.0, 6000.0, 14000.0, 8000.0, 15000.0, 0.0, 0.0, 0.0, 0.0, 0.0, 0.0, 0.0, 0.0, 0.0, 0.0, 0.0, 0.0, 0.0, 0.0, 0.0, 0.0, 0.0], "interest_expense": [108000.0, 99000.0, 90000.0, 0.0, 0.0, 0.0, 0.0, 208000.0, 58000.0, 1000.0, 4000.0, 5000.0, 4000.0, 0.0, 0.0, 0.0, 0.0, 0.0, 0.0, 0.0, 0.0, 0.0, 0.0, 0.0, 0.0, 0.0, 0.0, 0.0, 0.0, 0.0], "net_interest_income": [-103000.0, -78000.0, -11000.0, -71000.0, -146000.0, -214000.0, -198000.0, -204000.0, -53000.0, 5000.0, 10000.0, 3000.0, 11000.0, 0.0, 0.0, 0.0, 0.0, 0.0, 0.0, 0.0, 0.0, 0.0, 0.0, 0.0, 0.0, 0.0, 0.0, 0.0, 0.0, 0.0], "ebit": [3197000.0, 2715000.0, 1723000.0, 1988000.0, 1309000.0, 1412000.0, 1319000.0, 1189000.0, 1377000.0, 1459000.0, 1335000.0, 497000.0, -4000.0, -140000.0, 479614.0, 73147.0, 17957.0, 184571.0, 109817.0, 94847.0, 80574.0, 39807.0, -30325.0, 27845.0, 11603.0, 9807.0, 2532.0, -2957.0, -2100.0, -100.0], "ebitda": [3694000.0, 0.0, 0.0, 0.0, 0.0, 0.0, 0.0, 0.0, 0.0, 0.0, 0.0, 0.0, 0.0, 0.0, 0.0, 0.0, 0.0, 0.0, 0.0, 0.0, 0.0, 0.0, 0.0, 0.0, 0.0, 0.0, 0.0, 0.0, 0.0, 0.0], "reconciled_cost_of_revenue": [2476000.0, 2260000.0, 2094000.0, 2517000.0, 2501000.0, 2394000.0, 1585000.0, 1525000.0, 1531000.0, 1662000.0, 1755000.0, 2126000.0, 2307000.0, 1839000.0, 1645435.0, 978065.0, 940362.0, 844946.0, 567147.0, 565173.0, 534731.0, 340918.0, 327698.0, 265908.0, 159473.0, 27754.0, 20386.0, 20634.0, 14900.0, 9800.0], "reconciled_depreciation": [497000.0, 446000.0, 553000.0, 998000.0, 1199000.0, 1150000.0, 494000.0, 346000.0, 315000.0, 328000.0, 435000.0, 517000.0, 628000.0, 561000.0, 243547.0, 147133.0, 188703.0, 145501.0, 98696.0, 112295.0, 68673.0, 75193.0, 124580.0, 33543.0, 5212.0, 3335.0, 2646.0, 1942.0, 1700.0, 1700.0], "net_income_from_continuing_operation_net_minority_interest": [2644000.0, 2197000.0, 1503000.0, 1813000.0, 273000.0, 966000.0, 892000.0, 835000.0, 1010000.0, 1149000.0, 1085000.0, 418000.0, 113000.0, -107000.0, 344883.0, 85787.0, 41899.0, 138335.0, 77715.0, 66180.0, 52238.0, 20507.0, -34088.0, 15254.0, 5827.0, 7107.0, 5530.0, -1520.0, -2000.0, -300.0], "total_unusual_items_excluding_goodwill": [-66000.0, -122000.0, -94000.0, -40000.0, -12000.0, -92000.0, 0.0, 2000.0, 0.0, 2000.0, -32000.0, -306000.0, -432000.0, -80000.0, 1103.0, 1823.0, 4297.0, 471.0, 21.0, 234.0, 0.0, 0.0, 0.0, -600.0, -1474.0, 0.0, 0.0, 0.0, 200.0, 0.0], "total_unusual_items": [-66000.0, -122000.0, -94000.0, -40000.0, -12000.0, -92000.0, 0.0, 2000.0, 0.0, 2000.0, -32000.0, -306000.0, -432000.0, -80000.0, 1103.0, 1823.0, 4297.0, 471.0, 21.0, 234.0, 0.0, 0.0, 0.0, -600.0, -1474.0, 0.0, 0.0, 0.0, 200.0, 0.0], "normalized_ebitda": [3760000.0, 3283000.0, 2370000.0, 3026000.0, 2520000.0, 2654000.0, 1813000.0, 1533000.0, 1692000.0, 1785000.0, 1802000.0, 1320000.0, 1056000.0, 501000.0, 722058.0, 218457.0, 202363.0, 329601.0, 208492.0, 206908.0, 149247.0, 115000.0, 94255.0, 61988.0, 18289.0, 13142.0, 5178.0, -1015.0, -600.0, 1600.0], "tax_effect_of_unusual_items": [-9508.0, -19520.0, -7520.0, -1200.0, -4800.0, -11960.0, 0.0, 298.0, 0.0, 424.0, -5914.0, -46024.0, -151200.0, -28000.0, 386.4265, 399.01, 591.482, 141.3693, 6.9299, 84.2411, 0.0, 0.0, 0.0, -222.0359, -563.6663, 0.0, 0.0, 0.0, 80.0, 0.0], "operating_revenue": [9052000.0, 8086000.0, 6489000.0, 7500000.0, 7017000.0, 6608000.0, 4664000.0, 4408000.0, 4583000.0, 4856000.0, 4755000.0, 4447000.0, 4279000.0, 3026000.0, 2898136.0, 1513012.0, 1468000.0, 1405857.0, 947656.0, 864116.0, 786434.0, 620183.0, 572205.0, 436485.0, 259926.0, 86483.0, 61393.0, 40669.0, 26600.0, 21100.0], "selling_general_and_administrative": [1938000.0, 1848000.0, 1658000.0, 1894000.0, 2138000.0, 1844000.0, 1114000.0, 1129000.0, 1096000.0, 1139000.0, 1001000.0, 884000.0, 939000.0, 735000.0, 503552.0, 328727.0, 377899.0, 289797.0, 172833.0, 147125.0, 130169.0, 122869.0, 123977.0, 87767.0, 55245.0, 27392.0, 18234.0, 13776.0, 7700.0, 9700.0], "research_and_development": [1364000.0, 1150000.0, 998000.0, 1101000.0, 1069000.0, 958000.0, 646000.0, 571000.0, 584000.0, 604000.0, 646000.0, 642000.0, 627000.0, 592000.0, 269535.0, 133073.0, 131782.0, 86543.0, 97859.0, 56971.0, 40960.0, 41396.0, 26275.0, 21422.0, 28393.0, 18195.0, 17505.0, 7274.0, 4400.0, 0.0], "depreciation_amortization_depletion": [0.0, 0.0, 0.0, 0.0, 0.0, 0.0, 0.0, 0.0, 0.0, 0.0, 0.0, 0.0, 0.0, 0.0, 0.0, 0.0, 0.0, 0.0, 0.0, 0.0, 0.0, 1502.0, 41618.0, 1585.0, 1562.0, 1267.0, 1283.0, 1283.0, 1700.0, 1700.0], "other_operating_expenses": [0.0, 0.0, 0.0, 0.0, 0.0, 0.0, 0.0, 0.0, 0.0, 0.0, 0.0, 0.0, 0.0, 0.0, 0.0, 0.0, 0.0, 0.0, 0.0, 0.0, 0.0, 0.0, 0.0, 0.0, 0.0, 0.0, 90.0, 0.0, 0.0, 0.0], "interest_income_non_operating": [5000.0, 21000.0, 79000.0, 0.0, 0.0, 0.0, 0.0, 4000.0, 5000.0, 6000.0, 14000.0, 8000.0, 15000.0, 0.0, 0.0, 0.0, 0.0, 0.0, 0.0, 0.0, 0.0, 0.0, 0.0, 0.0, 0.0, 0.0, 0.0, 0.0, 0.0, 0.0], "interest_expense_non_operating": [108000.0, 99000.0, 90000.0, 0.0, 0.0, 0.0, 0.0, 208000.0, 58000.0, 1000.0, 4000.0, 5000.0, 4000.0, 0.0, 0.0, 0.0, 0.0, 0.0, 0.0, 0.0, 0.0, 0.0, 0.0, 0.0, 0.0, 0.0, 0.0, 0.0, 0.0, 0.0], "total_other_finance_cost": [0.0, 87000.0, -26000.0, 71000.0, 146000.0, 214000.0, 198000.0, 202000.0, 53000.0, 0.0, 0.0, 0.0, 0.0, 0.0, 0.0, 0.0, 0.0, 0.0, 0.0, 0.0, 0.0, 0.0, 0.0, 0.0, 0.0, 0.0, 0.0, 0.0, 0.0, 0.0], "gain_on_sale_of_security": [35000.0, 3000.0, 38000.0, 0.0, 0.0, 0.0, 0.0, 2000.0, 0.0, 2000.0, -7000.0, 20000.0, 0.0, 0.0, 0.0, 0.0, 0.0, 0.0, 0.0, 0.0, 0.0, 0.0, 0.0, 0.0, 0.0, 0.0, 0.0, 0.0, 0.0, 0.0], "special_income_charges": [-101000.0, -125000.0, -132000.0, -40000.0, -12000.0, -92000.0, 0.0, 0.0, 0.0, 0.0, -25000.0, -326000.0, -432000.0, -80000.0, 1103.0, 1823.0, 4297.0, 471.0, 21.0, 234.0, 0.0, 0.0, 0.0, -600.0, -1474.0, 0.0, 0.0, 0.0, 200.0, 0.0], "other_non_operating_income_expenses": [-16000.0, -12000.0, -1000.0, 0.0, 0.0, 0.0, 0.0, 0.0, 0.0, 0.0, 0.0, 0.0, 0.0, 0.0, 0.0, 0.0, 0.0, 0.0, 0.0, 0.0, 0.0, 0.0, 0.0, 0.0, 0.0, 0.0, 0.0, 0.0, 0.0, 0.0], "net_income": [2644000.0, 2197000.0, 1503000.0, 1813000.0, 273000.0, 966000.0, 892000.0, 835000.0, 1010000.0, 1149000.0, 1085000.0, 418000.0, 113000.0, -107000.0, 344883.0, 85787.0, 41899.0, 138335.0, 77715.0, 66180.0, 52238.0, 20507.0, -34088.0, 15254.0, 5827.0, 7107.0, 5530.0, -1520.0, -2000.0, -1400.0], "preferred_stock_dividends": [0.0, 0.0, 0.0, 0.0, 0.0, 0.0, 0.0, 0.0, 0.0, 0.0, 0.0, 0.0, 0.0, 0.0, 0.0, 0.0, 0.0, 0.0, 0.0, 0.0, 0.0, 0.0, 0.0, 0.0, 0.0, 0.0, 0.0, 0.0, 3300.0, 0.0], "otherunder_preferred_stock_dividend": [0.0, 0.0, 0.0, 0.0, 0.0, 4000.0, 11000.0, 18000.0, 23000.0, 24000.0, 0.0, 0.0, 0.0, 0.0, 0.0, 0.0, 0.0, 0.0, 0.0, 0.0, 0.0, 0.0, 0.0, 0.0, 0.0, 0.0, 0.0, 0.0, 0.0, 0.0]}}