{"company": "EA", "groupings": {}, "statement": {"year": ["ttm", "3/31/2021", "3/31/2020", "3/31/2019", "3/31/2018", "3/31/2017", "3/31/2016", "3/31/2015", "3/31/2014", "3/31/2013", "3/31/2012", "3/31/2011", "3/31/2010", "3/31/2009", "3/31/2008", "3/31/2007", "3/31/2006", "3/31/2005", "3/31/2004", "3/31/2003", "3/31/2002", "3/31/2001", "3/31/2000", "3/31/1999", "3/31/1998", "3/31/1997", "3/31/1996", "3/31/1995", "3/31/1994", "3/31/1993", "3/31/1992", "3/31/1991", "3/31/1990"], "year_adjusted": ["2021", "2020", "2019", "2018", "2017", "2016", "2015", "2014", "2013", "2012", "2011", "2010", "2009", "2008", "2007", "2006", "2005", "2004", "2003", "2002", "2001", "2000", "1999", "1998", "1997", "1996", "1995", "1994", "1993", "1992", "1991", "1990", "1989"], "total_revenue": [6396000.0, 5629000.0, 5537000.0, 4950000.0, 5150000.0, 4845000.0, 4396000.0, 4515000.0, 3575000.0, 3797000.0, 4143000.0, 3589000.0, 3654000.0, 4212000.0, 3665000.0, 3091000.0, 2951000.0, 3129000.0, 2957141.0, 2482244.0, 1724675.0, 1322273.0, 1420011.0, 1221900.0, 908900.0, 624800.0, 531900.0, 493300.0, 418300.0, 298400.0, 162100.0, 101800.0, 72400.0], "cost_of_revenue": [1729000.0, 1494000.0, 1369000.0, 1322000.0, 1277000.0, 1298000.0, 1354000.0, 1429000.0, 1347000.0, 1388000.0, 1598000.0, 1499000.0, 1866000.0, 2127000.0, 1805000.0, 1212000.0, 1181000.0, 1197000.0, 1102950.0, 1072802.0, 807611.0, 582574.0, 671072.0, 590900.0, 453900.0, 290600.0, 257700.0, 252600.0, 216700.0, 156600.0, 85200.0, 57100.0, 37600.0], "gross_profit": [4667000.0, 4135000.0, 4168000.0, 3628000.0, 3873000.0, 3547000.0, 3042000.0, 3086000.0, 2228000.0, 2409000.0, 2545000.0, 2090000.0, 1788000.0, 2085000.0, 1860000.0, 1879000.0, 1770000.0, 1932000.0, 1854191.0, 1409442.0, 917064.0, 739699.0, 748939.0, 631000.0, 455000.0, 334200.0, 274200.0, 240700.0, 201600.0, 141800.0, 76900.0, 44700.0, 34800.0], "operating_expense": [3579000.0, 3089000.0, 2718000.0, 2618000.0, 2439000.0, 2323000.0, 2144000.0, 2141000.0, 2231000.0, 2325000.0, 2483000.0, 2258000.0, 2332000.0, 2440000.0, 2106000.0, 1822000.0, 1411000.0, 1248000.0, 1068886.0, 938113.0, 761322.0, 700347.0, 588614.0, 481600.0, 359200.0, 266900.0, 220600.0, 176000.0, 141100.0, 100600.0, 54100.0, 32000.0, 25800.0], "operating_income": [1088000.0, 1046000.0, 1450000.0, 1010000.0, 1434000.0, 1224000.0, 898000.0, 945000.0, -3000.0, 84000.0, 62000.0, -168000.0, -544000.0, -355000.0, -246000.0, 57000.0, 359000.0, 684000.0, 785305.0, 471329.0, 155742.0, 39352.0, 160325.0, 149400.0, 95800.0, 67300.0, 53600.0, 64700.0, 60500.0, 41200.0, 22800.0, 12700.0, 9000.0], "net_non_operating_interest_income_expense": [-28000.0, -21000.0, 56000.0, 43000.0, 6000.0, -22000.0, -23000.0, -21000.0, -25000.0, -23000.0, -11000.0, 10000.0, 10000.0, 48000.0, 0.0, 0.0, 0.0, 0.0, 0.0, 0.0, 0.0, 0.0, 0.0, 0.0, 0.0, 0.0, 0.0, 0.0, 0.0, 0.0, 0.0, 0.0, 0.0], "other_income_expense": [-16000.0, -8000.0, 2000.0, 26000.0, 9000.0, 8000.0, 2000.0, 1000.0, 35000.0, 78000.0, -33000.0, -121000.0, -172000.0, -548000.0, -363000.0, -23000.0, -34000.0, -15000.0, -9708.0, -81431.0, -20303.0, -2719.0, -4255.0, -30900.0, 12500.0, 11600.0, 6000.0, 13300.0, 3800.0, 2600.0, 1400.0, 1200.0, 600.0], "pretax_income": [1044000.0, 1017000.0, 1508000.0, 1079000.0, 1449000.0, 1210000.0, 877000.0, 925000.0, 7000.0, 139000.0, 18000.0, -279000.0, -706000.0, -855000.0, -507000.0, 138000.0, 389000.0, 725000.0, 796560.0, 460146.0, 148287.0, -15245.0, 169393.0, 118300.0, 108400.0, 80200.0, 59300.0, 80700.0, 64200.0, 44300.0, 24300.0, 13800.0, 9600.0], "tax_provision": [259000.0, 180000.0, -1531000.0, 60000.0, 406000.0, 243000.0, -279000.0, 50000.0, -1000.0, 41000.0, -58000.0, -3000.0, -29000.0, 233000.0, -53000.0, 66000.0, 147000.0, 221000.0, 219268.0, 143049.0, 45969.0, -4163.0, 52642.0, 45400.0, 35800.0, 27200.0, 18800.0, 25000.0, 19500.0, 13400.0, 8600.0, 4700.0, 3600.0], "net_income_common_stockholders": [785000.0, 837000.0, 3039000.0, 1019000.0, 1043000.0, 967000.0, 1156000.0, 875000.0, 8000.0, 98000.0, 76000.0, -276000.0, -677000.0, -1088000.0, -454000.0, 76000.0, 236000.0, 504000.0, 577292.0, 317097.0, 101509.0, -11082.0, 116751.0, 72900.0, 72600.0, 53000.0, 40500.0, 55700.0, 44700.0, 30900.0, 15700.0, 9100.0, 6000.0], "diluted_ni_available_to_com_stockholders": [785000.0, 837000.0, 3039000.0, 1019000.0, 1043000.0, 967000.0, 1156000.0, 875000.0, 8000.0, 98000.0, 76000.0, -276000.0, -677000.0, -1088000.0, -454000.0, 76000.0, 236000.0, 504000.0, 577292.0, 317097.0, 101509.0, -11082.0, 116751.0, 72900.0, 72600.0, 53000.0, 40500.0, 55700.0, 44700.0, 30900.0, 15700.0, 9100.0, 6000.0], "basic_average_shares": [0.0, 289000.0, 293000.0, 303000.0, 308000.0, 303000.0, 310000.0, 311000.0, 308000.0, 310000.0, 331000.0, 330000.0, 325000.0, 320000.0, 314000.0, 308000.0, 304000.0, 305000.0, 295396.0, 281978.0, 273664.0, 274838.0, 251320.0, 242992.0, 235468.0, 221932.0, 216652.0, 208920.0, 194348.0, 187273.0, 165263.0, 151667.0, 133333.0], "diluted_average_shares": [0.0, 292000.0, 295000.0, 306000.0, 312000.0, 314000.0, 330000.0, 325000.0, 316000.0, 313000.0, 336000.0, 330000.0, 325000.0, 320000.0, 314000.0, 317000.0, 314000.0, 318000.0, 308233.0, 292892.0, 286284.0, 276142.0, 265484.0, 253088.0, 243832.0, 243429.0, 216652.0, 208920.0, 207907.0, 187273.0, 165263.0, 151667.0, 133333.0], "total_operating_income_as_reported": [1088000.0, 1046000.0, 1445000.0, 996000.0, 1434000.0, 1224000.0, 898000.0, 948000.0, 33000.0, 121000.0, 35000.0, -312000.0, -686000.0, -827000.0, -487000.0, 39000.0, 325000.0, 669000.0, 775597.0, 456227.0, 135439.0, -30316.0, 160325.0, 149400.0, 95800.0, 67300.0, 53600.0, 64700.0, 60500.0, 41200.0, 22800.0, 12700.0, 9000.0], "total_expenses": [5308000.0, 4583000.0, 4087000.0, 3940000.0, 3716000.0, 3621000.0, 3498000.0, 3570000.0, 3578000.0, 3713000.0, 4081000.0, 3757000.0, 4198000.0, 4567000.0, 3911000.0, 3034000.0, 2592000.0, 2445000.0, 2171836.0, 2010915.0, 1568933.0, 1282921.0, 1259686.0, 1072500.0, 813100.0, 557500.0, 478300.0, 428600.0, 357800.0, 257200.0, 139300.0, 89100.0, 63400.0], "net_income_from_continuing_and_discontinued_operation": [785000.0, 837000.0, 3039000.0, 1019000.0, 1043000.0, 967000.0, 1156000.0, 875000.0, 8000.0, 98000.0, 76000.0, -276000.0, -677000.0, -1088000.0, -454000.0, 76000.0, 236000.0, 504000.0, 577292.0, 317097.0, 101509.0, -11082.0, 116751.0, 72900.0, 72600.0, 53000.0, 40500.0, 55700.0, 44700.0, 30900.0, 15700.0, 9100.0, 6000.0], "normalized_income": [792519.0, 845230.0, 3037540.0, 993512.0, 1041560.0, 962206.0, 1155400.0, 875000.0, -14750.0, 44420.0, 97450.0, -156301.0, -512065.0, -731800.0, -128947.0, 90950.0, 257152.0, 514428.0, 584328.0, 373213.0, 115518.0, -9105.0, 119684.0, 91942.0, 64228.0, 45334.0, 36402.0, 46520.0, 42054.0, 29086.0, 14795.0, 8309.0, 5625.0], "interest_income": [0.0, 24000.0, 100000.0, 88000.0, 50000.0, 25000.0, 15000.0, 10000.0, 5000.0, 6000.0, 9000.0, 0.0, 10000.0, 48000.0, 0.0, 0.0, 0.0, 0.0, 0.0, 0.0, 0.0, 0.0, 0.0, 0.0, 0.0, 0.0, 0.0, 0.0, 0.0, 0.0, 0.0, 0.0, 0.0], "interest_expense": [50000.0, 43000.0, 42000.0, 43000.0, 42000.0, 45000.0, 28000.0, 31000.0, 30000.0, 29000.0, 20000.0, 0.0, 0.0, 0.0, 0.0, 0.0, 0.0, 0.0, 0.0, 0.0, 0.0, 0.0, 0.0, 0.0, 0.0, 0.0, 0.0, 0.0, 0.0, 0.0, 0.0, 0.0, 0.0], "net_interest_income": [-28000.0, -21000.0, 56000.0, 43000.0, 6000.0, -22000.0, -23000.0, -21000.0, -25000.0, -23000.0, -11000.0, 10000.0, 10000.0, 48000.0, 0.0, 0.0, 0.0, 0.0, 0.0, 0.0, 0.0, 0.0, 0.0, 0.0, 0.0, 0.0, 0.0, 0.0, 0.0, 0.0, 0.0, 0.0, 0.0], "ebit": [1094000.0, 1060000.0, 1550000.0, 1122000.0, 1491000.0, 1255000.0, 905000.0, 956000.0, 37000.0, 168000.0, 38000.0, -168000.0, -544000.0, -355000.0, -246000.0, 57000.0, 359000.0, 684000.0, 785305.0, 471329.0, 155742.0, 39352.0, 160325.0, 149400.0, 95800.0, 67300.0, 53600.0, 64700.0, 60500.0, 41200.0, 22800.0, 12700.0, 9000.0], "ebitda": [1397000.0, 0.0, 0.0, 0.0, 0.0, 0.0, 0.0, 0.0, 0.0, 0.0, 0.0, 0.0, 0.0, 0.0, 0.0, 0.0, 0.0, 0.0, 0.0, 0.0, 0.0, 0.0, 0.0, 0.0, 0.0, 0.0, 0.0, 0.0, 0.0, 0.0, 0.0, 0.0, 0.0], "reconciled_cost_of_revenue": [1515000.0, 1343000.0, 1241000.0, 1200000.0, 1150000.0, 1132000.0, 1164000.0, 1223000.0, 1136000.0, 1154000.0, 1425000.0, 1376000.0, 1727000.0, 1987000.0, 1675000.0, 1092000.0, 1093000.0, 1125000.0, 1028172.0, 988645.0, 722128.0, 601897.0, 671072.0, 590900.0, 453900.0, 290600.0, 257700.0, 252600.0, 216700.0, 156600.0, 85200.0, 57100.0, 37600.0], "reconciled_depreciation": [303000.0, 181000.0, 150000.0, 145000.0, 136000.0, 172000.0, 197000.0, 220000.0, 227000.0, 264000.0, 216000.0, 180000.0, 192000.0, 198000.0, 164000.0, 147000.0, 95000.0, 75000.0, 77513.0, 91639.0, 110901.0, 69668.0, 46725.0, 40500.0, 26900.0, 21500.0, 15900.0, 10800.0, 7900.0, 4000.0, 1700.0, 1500.0, 1200.0], "net_income_from_continuing_operation_net_minority_interest": [785000.0, 837000.0, 3039000.0, 1019000.0, 1043000.0, 967000.0, 1156000.0, 875000.0, 8000.0, 98000.0, 76000.0, -276000.0, -677000.0, -1088000.0, -454000.0, 76000.0, 236000.0, 504000.0, 577292.0, 317097.0, 101509.0, -11082.0, 116751.0, 72900.0, 72600.0, 53000.0, 40500.0, 55700.0, 44700.0, 30900.0, 15700.0, 9100.0, 6000.0], "total_unusual_items_excluding_goodwill": [-10000.0, -10000.0, 2000.0, 27000.0, 2000.0, 6000.0, 1000.0, 0.0, 35000.0, 76000.0, -33000.0, -121000.0, -172000.0, -548000.0, -363000.0, -23000.0, -34000.0, -15000.0, -9708.0, -81431.0, -20303.0, -2719.0, -4255.0, -30900.0, 12500.0, 11600.0, 6000.0, 13300.0, 3800.0, 2600.0, 1400.0, 1200.0, 600.0], "total_unusual_items": [-10000.0, -10000.0, 2000.0, 27000.0, 2000.0, 6000.0, 1000.0, 0.0, 35000.0, 76000.0, -33000.0, -121000.0, -172000.0, -548000.0, -363000.0, -23000.0, -34000.0, -15000.0, -9708.0, -81431.0, -20303.0, -2719.0, -4255.0, -30900.0, 12500.0, 11600.0, 6000.0, 13300.0, 3800.0, 2600.0, 1400.0, 1200.0, 600.0], "normalized_ebitda": [1407000.0, 1251000.0, 1698000.0, 1240000.0, 1625000.0, 1421000.0, 1101000.0, 1176000.0, 229000.0, 356000.0, 287000.0, 133000.0, -180000.0, 391000.0, 281000.0, 227000.0, 488000.0, 774000.0, 872526.0, 644399.0, 286946.0, 131062.0, 211305.0, 220800.0, 110200.0, 77200.0, 63500.0, 62200.0, 64600.0, 42600.0, 23100.0, 13000.0, 9600.0], "tax_effect_of_unusual_items": [-2481.0, -1770.0, 540.0, 1512.0, 560.0, 1206.0, 400.0, 0.0, 12250.0, 22420.0, -11550.0, -1301.0, -7065.0, -191800.0, -37947.0, -8050.0, -12848.0, -4572.0, -2672.0, -25315.0, -6294.0, -742.4859, -1322.0, -11858.0, 4128.0, 3934.0, 1902.0, 4120.0, 1154.0, 786.456, 495.4733, 408.6957, 225.0], "operating_revenue": [6396000.0, 5629000.0, 5537000.0, 4950000.0, 5150000.0, 4845000.0, 4396000.0, 4515000.0, 3575000.0, 3797000.0, 4143000.0, 3589000.0, 3654000.0, 4212000.0, 3665000.0, 3091000.0, 2951000.0, 3129000.0, 2957141.0, 2482244.0, 1724675.0, 1322273.0, 1420011.0, 1221900.0, 908900.0, 624800.0, 531900.0, 493300.0, 418300.0, 298400.0, 162100.0, 101800.0, 72400.0], "selling_general_and_administrative": [1503000.0, 1281000.0, 1137000.0, 1162000.0, 1110000.0, 1112000.0, 1028000.0, 1033000.0, 1090000.0, 1142000.0, 1228000.0, 1048000.0, 1050000.0, 1023000.0, 927000.0, 754000.0, 646000.0, 612000.0, 555293.0, 463312.0, 348168.0, 289377.0, 281130.0, 239000.0, 186100.0, 127300.0, 105100.0, 91300.0, 70600.0, 96600.0, 52400.0, 30500.0, 24600.0], "research_and_development": [1987000.0, 1778000.0, 1559000.0, 1433000.0, 1320000.0, 1205000.0, 1109000.0, 1094000.0, 1125000.0, 1153000.0, 1212000.0, 1153000.0, 1229000.0, 1359000.0, 1145000.0, 1041000.0, 758000.0, 633000.0, 510858.0, 400990.0, 387736.0, 388928.0, 260759.0, 202100.0, 146200.0, 118100.0, 99600.0, 73900.0, 62600.0, 0.0, 0.0, 0.0, 0.0], "depreciation_amortization_depletion": [89000.0, 30000.0, 22000.0, 23000.0, 9000.0, 6000.0, 7000.0, 14000.0, 16000.0, 30000.0, 43000.0, 57000.0, 53000.0, 58000.0, 34000.0, 27000.0, 7000.0, 3000.0, 2735.0, 7482.0, 25418.0, 88991.0, 46725.0, 40500.0, 26900.0, 21500.0, 15900.0, 10800.0, 7900.0, 4000.0, 1700.0, 1500.0, 1200.0], "other_operating_expenses": [0.0, 0.0, 0.0, 0.0, 0.0, 0.0, 0.0, 0.0, 0.0, 0.0, 0.0, 0.0, 0.0, 0.0, 0.0, 0.0, 0.0, 0.0, 0.0, 66329.0, 0.0, -66949.0, 0.0, 0.0, 0.0, 0.0, 0.0, 0.0, 0.0, 0.0, 0.0, 0.0, 0.0], "interest_income_non_operating": [0.0, 24000.0, 100000.0, 88000.0, 50000.0, 25000.0, 15000.0, 10000.0, 5000.0, 6000.0, 9000.0, 0.0, 10000.0, 48000.0, 0.0, 0.0, 0.0, 0.0, 0.0, 0.0, 0.0, 0.0, 0.0, 0.0, 0.0, 0.0, 0.0, 0.0, 0.0, 0.0, 0.0, 0.0, 0.0], "interest_expense_non_operating": [50000.0, 43000.0, 42000.0, 43000.0, 42000.0, 45000.0, 28000.0, 31000.0, 30000.0, 29000.0, 20000.0, 0.0, 0.0, 0.0, 0.0, 0.0, 0.0, 0.0, 0.0, 0.0, 0.0, 0.0, 0.0, 0.0, 0.0, 0.0, 0.0, 0.0, 0.0, 0.0, 0.0, 0.0, 0.0], "total_other_finance_cost": [2000.0, 2000.0, 2000.0, 2000.0, 2000.0, 2000.0, 10000.0, 23000.0, 26000.0, 21000.0, 0.0, -10000.0, -6000.0, 0.0, 0.0, 0.0, 0.0, 0.0, 0.0, 0.0, 0.0, 0.0, 0.0, 0.0, 0.0, 0.0, 0.0, 0.0, 0.0, 0.0, 0.0, 0.0, 0.0], "gain_on_sale_of_security": [0.0, -10000.0, 7000.0, 41000.0, 2000.0, 6000.0, 1000.0, -3000.0, -1000.0, 39000.0, 0.0, 0.0, 0.0, 0.0, 0.0, 0.0, 0.0, 0.0, 0.0, 0.0, 0.0, 0.0, 0.0, 0.0, 0.0, 0.0, 0.0, 0.0, 0.0, 0.0, 0.0, 0.0, 0.0], "special_income_charges": [0.0, 0.0, -5000.0, -14000.0, 0.0, 0.0, 0.0, 3000.0, 36000.0, 37000.0, -33000.0, -121000.0, -172000.0, -548000.0, -363000.0, -23000.0, -34000.0, -15000.0, -9708.0, -81431.0, -20303.0, -2719.0, -4255.0, -30900.0, 12500.0, 11600.0, 6000.0, 13300.0, 3800.0, 2600.0, 1400.0, 1200.0, 600.0], "other_non_operating_income_expenses": [-12000.0, 2000.0, 0.0, -1000.0, 7000.0, 2000.0, 1000.0, 1000.0, 0.0, 2000.0, 0.0, 0.0, 0.0, 0.0, 0.0, 0.0, 0.0, 0.0, 0.0, 0.0, 0.0, 0.0, 0.0, 0.0, 0.0, 0.0, 0.0, 0.0, 0.0, 0.0, 0.0, 0.0, 0.0], "net_income": [785000.0, 837000.0, 3039000.0, 1019000.0, 1043000.0, 967000.0, 1156000.0, 875000.0, 8000.0, 98000.0, 76000.0, -276000.0, -677000.0, -1088000.0, -454000.0, 76000.0, 236000.0, 504000.0, 577292.0, 317097.0, 101509.0, -11082.0, 116751.0, 72900.0, 72600.0, 53000.0, 40500.0, 55700.0, 44700.0, 30900.0, 15700.0, 9100.0, 6000.0]}, "currency": "USD"}