{"company": "QCOM", "groupings": {}, "statement": {"year": ["ttm", "9/30/2021", "9/30/2020", "9/30/2019", "9/30/2018", "9/30/2017", "9/30/2016", "9/30/2015", "9/30/2014", "9/30/2013", "9/30/2012", "9/30/2011", "9/30/2010", "9/30/2009", "9/30/2008", "9/30/2007", "9/30/2006", "9/30/2005", "9/30/2004", "9/30/2003", "9/30/2002", "9/30/2001", "9/30/2000", "9/30/1999", "9/30/1998", "9/30/1997", "9/30/1996", "9/30/1995", "9/30/1994", "9/30/1993", "9/30/1992", "9/30/1991", "9/30/1990"], "year_adjusted": ["2022", "2021", "2020", "2019", "2018", "2017", "2016", "2015", "2014", "2013", "2012", "2011", "2010", "2009", "2008", "2007", "2006", "2005", "2004", "2003", "2002", "2001", "2000", "1999", "1998", "1997", "1996", "1995", "1994", "1993", "1992", "1991", "1990"], "total_revenue": [33566000.0, 33566000.0, 23531000.0, 24273000.0, 22732000.0, 22291000.0, 23554000.0, 25281000.0, 26487000.0, 24866000.0, 19121000.0, 14957000.0, 10991000.0, 10416000.0, 11142000.0, 8871000.0, 7526000.0, 5673000.0, 4880000.0, 3970636.0, 3039560.0, 2679786.0, 3196780.0, 3937299.0, 3347870.0, 2096365.0, 813900.0, 386600.0, 271600.0, 168700.0, 107500.0, 90300.0, 46500.0], "cost_of_revenue": [14262000.0, 14262000.0, 9255000.0, 8599000.0, 10244000.0, 9792000.0, 9749000.0, 10378000.0, 10686000.0, 9820000.0, 7096000.0, 4877000.0, 3517000.0, 3181000.0, 3414000.0, 2681000.0, 2182000.0, 1645000.0, 1484000.0, 1430047.0, 1137360.0, 1035103.0, 1507122.0, 2485072.0, 2333399.0, 1518006.0, 479100.0, 182300.0, 137900.0, 90800.0, 57900.0, 53900.0, 39300.0], "gross_profit": [19304000.0, 19304000.0, 14276000.0, 15674000.0, 12488000.0, 12499000.0, 13805000.0, 14903000.0, 15801000.0, 15046000.0, 12025000.0, 10080000.0, 7474000.0, 7235000.0, 7728000.0, 6190000.0, 5344000.0, 4028000.0, 3396000.0, 2540589.0, 1902200.0, 1644683.0, 1689658.0, 1452227.0, 1014471.0, 578359.0, 334800.0, 204300.0, 133700.0, 77900.0, 49600.0, 36400.0, 7200.0], "operating_expense": [9515000.0, 9515000.0, 8021000.0, 8007000.0, 11746000.0, 9885000.0, 7310000.0, 9127000.0, 8251000.0, 7816000.0, 6343000.0, 5054000.0, 4191000.0, 5009000.0, 3998000.0, 3307000.0, 2654000.0, 1642000.0, 1267000.0, 1230354.0, 1228932.0, 1637753.0, 906990.0, 1047087.0, 771806.0, 480902.0, 342200.0, 183800.0, 110800.0, 65900.0, 51600.0, 42700.0, 23100.0], "operating_income": [9789000.0, 9789000.0, 6255000.0, 7667000.0, 742000.0, 2614000.0, 6495000.0, 5776000.0, 7550000.0, 7230000.0, 5682000.0, 5026000.0, 3283000.0, 2226000.0, 3730000.0, 2883000.0, 2690000.0, 2386000.0, 2129000.0, 1310235.0, 673268.0, 6930.0, 782668.0, 405140.0, 242665.0, 97457.0, -7400.0, 20500.0, 22900.0, 12000.0, -2000.0, -6300.0, -15900.0], "net_non_operating_interest_income_expense": [-476000.0, -476000.0, -446000.0, -311000.0, -143000.0, 125000.0, 314000.0, 423000.0, 581000.0, 674000.0, 519000.0, 386000.0, 472000.0, 492000.0, 0.0, 0.0, 0.0, 0.0, 0.0, 0.0, 0.0, 0.0, 0.0, 0.0, 0.0, 0.0, 0.0, 0.0, 0.0, 0.0, 0.0, 0.0, 0.0], "other_income_expense": [961000.0, 961000.0, -90000.0, 125000.0, -86000.0, 281000.0, 24000.0, 288000.0, 647000.0, 290000.0, 361000.0, 275000.0, 279000.0, -642000.0, -373000.0, 196000.0, 54000.0, 170000.0, 37000.0, -157962.0, -195826.0, -1023608.0, 354099.0, -309042.0, -49757.0, -18669.0, 24200.0, 7300.0, -8500.0, 3100.0, 600.0, 0.0, 0.0], "pretax_income": [10274000.0, 10274000.0, 5719000.0, 7481000.0, 513000.0, 3020000.0, 6833000.0, 6487000.0, 8778000.0, 8194000.0, 6562000.0, 5687000.0, 4034000.0, 2076000.0, 3826000.0, 3626000.0, 3156000.0, 2809000.0, 2313000.0, 1285147.0, 461125.0, -426305.0, 1196805.0, 306686.0, 148674.0, 108434.0, 26600.0, 39900.0, 17300.0, 13100.0, -3500.0, 0.0, 0.0], "tax_provision": [1231000.0, 1231000.0, 521000.0, 3095000.0, 5377000.0, 555000.0, 1131000.0, 1219000.0, 1244000.0, 1349000.0, 1279000.0, 1132000.0, 787000.0, 484000.0, 666000.0, 323000.0, 686000.0, 666000.0, 588000.0, 457706.0, 101448.0, 104501.0, 526594.0, 105807.0, 40142.0, 16500.0, 5600.0, 9700.0, 2100.0, 1000.0, 600.0, 0.0, 0.0], "net_income_common_stockholders": [9043000.0, 9043000.0, 5198000.0, 4386000.0, -4864000.0, 2466000.0, 5705000.0, 5271000.0, 7967000.0, 6853000.0, 6109000.0, 4260000.0, 3247000.0, 1592000.0, 3160000.0, 3303000.0, 2470000.0, 2143000.0, 1720000.0, 827441.0, 359677.0, -548743.0, 670211.0, 200879.0, 108532.0, 91934.0, 21000.0, 30200.0, 15200.0, 12100.0, -4100.0, -8400.0, -17100.0], "diluted_ni_available_to_com_stockholders": [9043000.0, 9043000.0, 5198000.0, 4386000.0, -4864000.0, 2466000.0, 5705000.0, 5271000.0, 7967000.0, 6853000.0, 6109000.0, 4260000.0, 3247000.0, 1592000.0, 3160000.0, 3303000.0, 2470000.0, 2143000.0, 1720000.0, 827441.0, 359677.0, -548743.0, 670211.0, 200879.0, 108532.0, 91934.0, 21000.0, 30200.0, 15200.0, 12100.0, -4100.0, -8400.0, -17100.0], "basic_average_shares": [0.0, 0.0, 1135000.0, 1210000.0, 1463000.0, 1477000.0, 1484000.0, 1618000.0, 1683000.0, 1715000.0, 1700000.0, 1658000.0, 1643000.0, 1656000.0, 1632000.0, 1660000.0, 1659000.0, 1638000.0, 1616000.0, 1579172.0, 1541774.0, 1511938.0, 1434410.0, 1189424.0, 1107248.0, 1158880.0, 1123424.0, 862857.0, 760000.0, 806667.0, 700000.0, 650640.0, 488571.0], "diluted_average_shares": [0.0, 0.0, 1149000.0, 1220000.0, 1463000.0, 1490000.0, 1498000.0, 1639000.0, 1714000.0, 1754000.0, 1741000.0, 1691000.0, 1658000.0, 1673000.0, 1660000.0, 1693000.0, 1711000.0, 1694000.0, 1675000.0, 1635510.0, 1618658.0, 1511938.0, 1600242.0, 1299776.0, 1183392.0, 1162640.0, 1127488.0, 862857.0, 760000.0, 806667.0, 700000.0, 650640.0, 488571.0], "total_operating_income_as_reported": [9789000.0, 9789000.0, 6255000.0, 7667000.0, 742000.0, 2614000.0, 6495000.0, 5776000.0, 7550000.0, 7230000.0, 5682000.0, 5026000.0, 3283000.0, 2226000.0, 3730000.0, 2883000.0, 2690000.0, 2386000.0, 2129000.0, 1310235.0, 673268.0, 6930.0, 722638.0, 405140.0, 242665.0, 97457.0, -7400.0, 20500.0, 22900.0, 12000.0, -2000.0, -6300.0, -15900.0], "total_expenses": [23777000.0, 23777000.0, 17276000.0, 16606000.0, 21990000.0, 19677000.0, 17059000.0, 19505000.0, 18937000.0, 17636000.0, 13439000.0, 9931000.0, 7708000.0, 8190000.0, 7412000.0, 5988000.0, 4836000.0, 3287000.0, 2751000.0, 2660401.0, 2366292.0, 2672856.0, 2414112.0, 3532159.0, 3105205.0, 1998908.0, 821300.0, 366100.0, 248700.0, 156700.0, 109500.0, 96600.0, 62400.0], "net_income_from_continuing_and_discontinued_operation": [9043000.0, 9043000.0, 5198000.0, 4386000.0, -4864000.0, 2466000.0, 5705000.0, 5271000.0, 7967000.0, 6853000.0, 6109000.0, 4260000.0, 3247000.0, 1592000.0, 3160000.0, 3303000.0, 2470000.0, 2143000.0, 1720000.0, 827441.0, 359677.0, -530806.0, 670211.0, 200879.0, 108532.0, 91934.0, 21000.0, 30200.0, 15200.0, 12100.0, -4100.0, -8400.0, -17100.0], "normalized_income": [8208760.0, 8208760.0, 5260790.0, 4226860.0, -4907070.0, 2174900.0, 5615360.0, 5011800.0, 6971980.0, 6604360.0, 5033300.0, 4347132.0, 3019211.0, 2084324.0, 3468897.0, 3123549.0, 2405041.0, 1991945.0, 1643709.0, 929145.0, 512421.0, 83359.0, 457752.0, 403301.0, 129721.0, 107762.0, 1895.0, 24675.0, 22668.0, 9237.0, -4460.0, -8400.0, -17100.0], "interest_income": [83000.0, 83000.0, 156000.0, 316000.0, 625000.0, 619000.0, 611000.0, 527000.0, 586000.0, 697000.0, 609000.0, 500000.0, 530000.0, 516000.0, 0.0, 0.0, 0.0, 0.0, 0.0, 0.0, 0.0, 0.0, 0.0, 0.0, 0.0, 0.0, 0.0, 0.0, 0.0, 0.0, 0.0, 0.0, 0.0], "interest_expense": [559000.0, 559000.0, 602000.0, 627000.0, 768000.0, 494000.0, 297000.0, 104000.0, 5000.0, 23000.0, 90000.0, 114000.0, 58000.0, 24000.0, 0.0, 0.0, 0.0, 0.0, 0.0, 0.0, 0.0, 0.0, 0.0, 0.0, 0.0, 0.0, 0.0, 0.0, 0.0, 0.0, 0.0, 0.0, 0.0], "net_interest_income": [-476000.0, -476000.0, -446000.0, -311000.0, -143000.0, 125000.0, 314000.0, 423000.0, 581000.0, 674000.0, 519000.0, 386000.0, 472000.0, 492000.0, 0.0, 0.0, 0.0, 0.0, 0.0, 0.0, 0.0, 0.0, 0.0, 0.0, 0.0, 0.0, 0.0, 0.0, 0.0, 0.0, 0.0, 0.0, 0.0], "ebit": [10833000.0, 10833000.0, 6321000.0, 8108000.0, 1281000.0, 3514000.0, 7130000.0, 6591000.0, 8783000.0, 8217000.0, 6652000.0, 5801000.0, 4092000.0, 2100000.0, 3730000.0, 2883000.0, 2690000.0, 2386000.0, 2129000.0, 1310235.0, 673268.0, 6930.0, 782668.0, 405140.0, 242665.0, 97457.0, -7400.0, 20500.0, 22900.0, 12000.0, -2000.0, -6300.0, -15900.0], "ebitda": [12415000.0, 0.0, 0.0, 0.0, 0.0, 0.0, 0.0, 0.0, 0.0, 0.0, 0.0, 0.0, 0.0, 0.0, 0.0, 0.0, 0.0, 0.0, 0.0, 0.0, 0.0, 0.0, 0.0, 0.0, 0.0, 0.0, 0.0, 0.0, 0.0, 0.0, 0.0, 0.0, 0.0], "reconciled_cost_of_revenue": [14262000.0, 14262000.0, 9255000.0, 8599000.0, 10244000.0, 9792000.0, 9749000.0, 10378000.0, 10686000.0, 9820000.0, 7096000.0, 4877000.0, 3517000.0, 3181000.0, 3414000.0, 2681000.0, 2182000.0, 1645000.0, 1326000.0, 1258942.0, 1002299.0, 970522.0, 1408923.0, 2485072.0, 2333399.0, 1518006.0, 479100.0, 182300.0, 137900.0, 90800.0, 57900.0, 53900.0, 39300.0], "reconciled_depreciation": [1582000.0, 1582000.0, 1393000.0, 1401000.0, 1561000.0, 1461000.0, 1428000.0, 1214000.0, 1150000.0, 1017000.0, 897000.0, 1061000.0, 666000.0, 635000.0, 456000.0, 383000.0, 272000.0, 200000.0, 163000.0, 179694.0, 394257.0, 319811.0, 243842.0, 158429.0, 141892.0, 93598.0, 56800.0, 30900.0, 18800.0, 9800.0, 7200.0, 5800.0, 5600.0], "net_income_from_continuing_operation_net_minority_interest": [9043000.0, 9043000.0, 5198000.0, 4386000.0, -4864000.0, 2466000.0, 5705000.0, 5271000.0, 7537000.0, 6853000.0, 5333000.0, 4573000.0, 3247000.0, 1592000.0, 3160000.0, 3303000.0, 2470000.0, 2143000.0, 1725000.0, 827441.0, 359677.0, -530806.0, 670211.0, 200879.0, 108532.0, 91934.0, 21000.0, 30200.0, 15200.0, 12100.0, -4100.0, -8400.0, -17100.0], "total_unusual_items_excluding_goodwill": [948000.0, 948000.0, -69000.0, 218000.0, 59000.0, 355000.0, 108000.0, 320000.0, 657000.0, 296000.0, 370000.0, 282000.0, 283000.0, -642000.0, -374000.0, 197000.0, 83000.0, 198000.0, 109000.0, -157962.0, -195826.0, -1023608.0, 354099.0, -309042.0, -29026.0, -18669.0, 24200.0, 7300.0, -8500.0, 3100.0, 600.0, 0.0, 0.0], "total_unusual_items": [948000.0, 948000.0, -69000.0, 218000.0, 59000.0, 355000.0, 108000.0, 320000.0, 657000.0, 296000.0, 370000.0, 282000.0, 283000.0, -642000.0, -374000.0, 197000.0, 83000.0, 198000.0, 109000.0, -157962.0, -195826.0, -1023608.0, 354099.0, -309042.0, -29026.0, -18669.0, 24200.0, 7300.0, -8500.0, 3100.0, 600.0, 0.0, 0.0], "normalized_ebitda": [11467000.0, 11467000.0, 7783000.0, 9291000.0, 2783000.0, 4620000.0, 8450000.0, 7485000.0, 9276000.0, 8938000.0, 7179000.0, 6580000.0, 4475000.0, 3377000.0, 4560000.0, 3069000.0, 2879000.0, 2388000.0, 2183000.0, 1647891.0, 1263351.0, 1350349.0, 672411.0, 872611.0, 413583.0, 209724.0, 25200.0, 44100.0, 50200.0, 18700.0, 4600.0, -500.0, -10300.0], "tax_effect_of_unusual_items": [113760.0, 113760.0, -6210.0, 58860.0, 15930.0, 63900.0, 18360.0, 60800.0, 91980.0, 47360.0, 70300.0, 56132.0, 55211.0, -149676.0, -65103.0, 17549.0, 18041.0, 46945.0, 27709.0, -56258.0, -43082.0, -409443.0, 141640.0, -106620.0, -7837.0, -2841.0, 5095.0, 1775.0, -1032.0, 236.6412, 240.0, 0.0, 0.0], "operating_revenue": [33566000.0, 33566000.0, 23531000.0, 24273000.0, 22732000.0, 22291000.0, 23554000.0, 25281000.0, 26487000.0, 24866000.0, 19121000.0, 14957000.0, 10991000.0, 10416000.0, 11142000.0, 8871000.0, 7526000.0, 5673000.0, 4880000.0, 3970636.0, 3039560.0, 2679786.0, 3196780.0, 3937299.0, 3347870.0, 2096365.0, 813900.0, 386600.0, 271600.0, 168700.0, 107500.0, 90300.0, 46500.0], "selling_general_and_administrative": [2339000.0, 2339000.0, 2074000.0, 2195000.0, 2986000.0, 2658000.0, 2385000.0, 2344000.0, 2290000.0, 2518000.0, 2324000.0, 1945000.0, 1642000.0, 1556000.0, 1717000.0, 1478000.0, 1116000.0, 631000.0, 568000.0, 534915.0, 508644.0, 367155.0, 342940.0, 425941.0, 410347.0, 236188.0, 123100.0, 72700.0, 42400.0, 56100.0, 44400.0, 36900.0, 17500.0], "research_and_development": [7176000.0, 7176000.0, 5975000.0, 5398000.0, 5625000.0, 5485000.0, 5151000.0, 5490000.0, 5477000.0, 4967000.0, 3915000.0, 2995000.0, 2549000.0, 2440000.0, 2281000.0, 1829000.0, 1538000.0, 1011000.0, 720000.0, 523267.0, 451678.0, 414760.0, 340407.0, 381139.0, 349483.0, 235922.0, 162300.0, 80200.0, 49600.0, 0.0, 0.0, 0.0, 0.0], "depreciation_amortization_depletion": [0.0, 0.0, 0.0, 0.0, 0.0, 0.0, 0.0, 0.0, 0.0, 0.0, 0.0, 0.0, 0.0, 0.0, 0.0, 0.0, 0.0, 0.0, 5000.0, 8589.0, 259196.0, 255230.0, 145643.0, 0.0, 0.0, 0.0, 56800.0, 30900.0, 18800.0, 9800.0, 7200.0, 5800.0, 5600.0], "other_operating_expenses": [-17000.0, 0.0, -28000.0, 414000.0, 3135000.0, 1742000.0, -226000.0, 1293000.0, 484000.0, 331000.0, 104000.0, 114000.0, 0.0, 1013000.0, 0.0, 0.0, 0.0, 0.0, -26000.0, 163583.0, 9414.0, 600608.0, 78000.0, 240007.0, 11976.0, 8792.0, 0.0, 0.0, 0.0, 0.0, 0.0, 0.0, 0.0], "interest_income_non_operating": [83000.0, 83000.0, 156000.0, 316000.0, 625000.0, 619000.0, 611000.0, 527000.0, 586000.0, 697000.0, 609000.0, 500000.0, 530000.0, 516000.0, 0.0, 0.0, 0.0, 0.0, 0.0, 0.0, 0.0, 0.0, 0.0, 0.0, 0.0, 0.0, 0.0, 0.0, 0.0, 0.0, 0.0, 0.0, 0.0], "interest_expense_non_operating": [559000.0, 559000.0, 602000.0, 627000.0, 768000.0, 494000.0, 297000.0, 104000.0, 5000.0, 23000.0, 90000.0, 114000.0, 58000.0, 24000.0, 0.0, 0.0, 0.0, 0.0, 0.0, 0.0, 0.0, 0.0, 0.0, 0.0, 0.0, 0.0, 0.0, 0.0, 0.0, 0.0, 0.0, 0.0, 0.0], "gain_on_sale_of_security": [981000.0, 981000.0, 336000.0, 353000.0, 134000.0, 532000.0, 280000.0, 517000.0, 831000.0, 369000.0, 453000.0, 334000.0, 408000.0, -642000.0, 0.0, 0.0, 0.0, 0.0, 0.0, 0.0, 0.0, 0.0, 0.0, 0.0, 0.0, 0.0, 0.0, 0.0, 0.0, 0.0, 0.0, 0.0, 0.0], "earnings_from_equity_interest": [13000.0, 13000.0, -21000.0, -93000.0, -145000.0, -74000.0, -84000.0, -32000.0, -10000.0, -6000.0, -9000.0, -7000.0, -4000.0, 0.0, 1000.0, -1000.0, -29000.0, -28000.0, -72000.0, 0.0, 0.0, 0.0, 0.0, 0.0, -20731.0, 0.0, 0.0, 0.0, 0.0, 0.0, 0.0, 0.0, 0.0], "special_income_charges": [-33000.0, -33000.0, -405000.0, -135000.0, -75000.0, -177000.0, -172000.0, -197000.0, -174000.0, -73000.0, -83000.0, -52000.0, -125000.0, -150000.0, -374000.0, 197000.0, 83000.0, 198000.0, 109000.0, -157962.0, -195826.0, -1023608.0, 354099.0, -309042.0, -29026.0, -18669.0, 24200.0, 7300.0, -8500.0, 3100.0, 600.0, 0.0, 0.0], "other_non_operating_income_expenses": [0.0, 0.0, 47000.0, 0.0, 0.0, 0.0, 0.0, 0.0, 0.0, 0.0, 0.0, 0.0, 0.0, 0.0, 0.0, 0.0, 0.0, 0.0, 0.0, 0.0, 0.0, 0.0, 0.0, 0.0, 0.0, 0.0, 0.0, 0.0, 0.0, 0.0, 0.0, 0.0, 0.0], "net_income": [9043000.0, 9043000.0, 5198000.0, 4386000.0, -4864000.0, 2466000.0, 5705000.0, 5271000.0, 7967000.0, 6853000.0, 6109000.0, 4260000.0, 3247000.0, 1592000.0, 3160000.0, 3303000.0, 2470000.0, 2143000.0, 1720000.0, 827441.0, 359677.0, -548743.0, 670211.0, 200879.0, 108532.0, 91934.0, 21000.0, 30200.0, 15200.0, 12100.0, -4100.0, -8400.0, -17100.0]}}