{"company": "SPWR", "groupings": {}, "statement": {"year": ["ttm", "12/31/2020", "12/31/2019", "12/31/2018", "12/31/2017", "12/31/2016", "12/31/2015", "12/31/2014", "12/31/2013", "12/31/2012", "12/31/2011", "12/31/2010", "12/31/2009", "12/31/2008", "12/31/2007", "12/31/2006", "12/31/2005", "12/31/2004", "12/31/2003", "12/31/2002", "12/31/2001"], "year_adjusted": ["2021", "2020", "2019", "2018", "2017", "2016", "2015", "2014", "2013", "2012", "2011", "2010", "2009", "2008", "2007", "2006", "2005", "2004", "2003", "2002", "2001"], "total_revenue": [1280771.0, 1124829.0, 1864225.0, 1726085.0, 1871813.0, 2559562.0, 1576473.0, 3027265.0, 2507203.0, 2417501.0, 2312494.0, 2219230.0, 1524283.0, 1434919.0, 774790.0, 236510.0, 78736.0, 10885.0, 5005.0, 4055.0, 5577.0], "cost_of_revenue": [1035065.0, 957702.0, 1738320.0, 2023166.0, 1887084.0, 2369596.0, 1331827.0, 2402138.0, 2016131.0, 2171103.0, 2084290.0, 1709337.0, 1240563.0, 1071238.0, 626986.0, 186042.0, 74353.0, 15577.0, 4987.0, 3198.0, 5977.0], "gross_profit": [245706.0, 167127.0, 125905.0, -297081.0, -15271.0, 189966.0, 244646.0, 625127.0, 491072.0, 246398.0, 228204.0, 509893.0, 283720.0, 363681.0, 147804.0, 50468.0, 4383.0, -4692.0, 18.0, 857.0, -400.0], "operating_expense": [214551.0, 180824.0, 327958.0, 341816.0, 357818.0, 445191.0, 444549.0, 361664.0, 329561.0, 373702.0, 377494.0, 371026.0, 221886.0, 195214.0, 135887.0, 31361.0, 17368.0, 19359.0, 13054.0, 3928.0, 8225.0], "operating_income": [31155.0, -13697.0, -202053.0, -638897.0, -373089.0, -255225.0, -199903.0, 263463.0, 161511.0, -127304.0, -149290.0, 138867.0, 61834.0, 168467.0, 11917.0, 19107.0, -12985.0, -24051.0, -13036.0, -3071.0, -8625.0], "net_non_operating_interest_income_expense": [-30497.0, -32399.0, -50651.0, -104954.0, -87654.0, -58083.0, -41676.0, -67075.0, -102722.0, -83029.0, -64968.0, -53735.0, -33526.0, 0.0, 0.0, 0.0, 0.0, 0.0, 0.0, 0.0, 0.0], "other_income_expense": [366798.0, 700665.0, 278672.0, -154820.0, -656321.0, -251287.0, -732.0, -11774.0, -17206.0, -119330.0, -373505.0, 98281.0, 15964.0, -13208.0, -29804.0, 1077.0, 377.0, -29.0, 0.0, 31.0, 0.0], "pretax_income": [367456.0, 654569.0, 25968.0, -898671.0, -1117064.0, -564595.0, -242311.0, 184614.0, 41583.0, -329663.0, -587763.0, 183413.0, 44272.0, 147584.0, 3282.0, 28461.0, -15793.0, 0.0, -14545.0, -3533.0, -2888.0], "tax_provision": [13840.0, 57549.0, 26631.0, 1010.0, -3943.0, 7319.0, 66694.0, 8760.0, 11905.0, 21842.0, 22099.0, 23375.0, 21028.0, 69368.0, -5920.0, 1945.0, 50.0, 0.0, 0.0, 0.0, 0.0], "earnings_from_equity_interest_net_of_tax": [0.0, 0.0, -7058.0, -17815.0, 20211.0, 28070.0, 9569.0, 7241.0, 3872.0, -515.0, 6003.0, 6845.0, 9929.0, 0.0, 0.0, 0.0, 0.0, 0.0, 0.0, 0.0, 0.0], "net_income_common_stockholders": [354921.0, 475048.0, 22159.0, -811091.0, -851163.0, -471064.0, -187019.0, 245894.0, 95593.0, -352020.0, -603859.0, 178724.0, 33173.0, 92293.0, 9202.0, 26516.0, -15843.0, -28911.0, -14545.0, -3533.0, -2888.0], "diluted_ni_available_to_com_stockholders": [354921.0, 475048.0, 22159.0, -811091.0, -851163.0, -471064.0, -187019.0, 245894.0, 95593.0, -352020.0, -603859.0, 178724.0, 33173.0, 92293.0, 9202.0, 26516.0, -15843.0, -28911.0, -14545.0, -3533.0, -2888.0], "basic_average_shares": [0.0, 169801.0, 144796.0, 140825.0, 139370.0, 137985.0, 134884.0, 128635.0, 120819.0, 117093.0, 97724.0, 95660.0, 91050.0, 80522.0, 75413.0, 65864.0, 23306.0, 3616.0, 4156.0, 3188.0, 3782.0], "diluted_average_shares": [0.0, 197242.0, 147525.0, 140825.0, 139370.0, 137985.0, 134884.0, 162751.0, 138980.0, 117093.0, 97724.0, 105698.0, 92746.0, 84446.0, 81227.0, 71087.0, 23306.0, 3616.0, 4156.0, 3188.0, 3782.0], "total_operating_income_as_reported": [27547.0, -6012.0, -98115.0, -849031.0, -1018469.0, -462414.0, -206294.0, 251240.0, 158909.0, -287708.0, -520451.0, 138867.0, 61834.0, 168467.0, 2342.0, 19107.0, -12985.0, -24051.0, -13036.0, -3071.0, -2648.0], "rent_expense_supplemental": [3287.0, 4795.0, 7345.0, 180016.0, 137707.0, 196232.0, 139292.0, 0.0, 0.0, 0.0, 0.0, 0.0, 0.0, 0.0, 0.0, 0.0, 0.0, 0.0, 0.0, 0.0, 0.0], "total_expenses": [1249616.0, 1138526.0, 2066278.0, 2364982.0, 2244902.0, 2814787.0, 1776376.0, 2763802.0, 2345692.0, 2544805.0, 2461784.0, 2080363.0, 1462449.0, 1266452.0, 762873.0, 217403.0, 91721.0, 34936.0, 18041.0, 7126.0, 14202.0], "net_income_from_continuing_and_discontinued_operation": [354921.0, 475048.0, 22159.0, -811091.0, -851163.0, -471064.0, -187019.0, 245894.0, 95593.0, -352020.0, -603859.0, 178724.0, 33173.0, 92293.0, 9202.0, 26516.0, -15843.0, -28911.0, -14545.0, -3533.0, -2888.0], "normalized_income": [357080.0, 591033.0, -53716.0, -657693.0, -208061.0, -325715.0, -183184.0, 257537.0, 97450.0, -274455.0, -357012.0, 105627.0, 22796.0, 110028.0, 28394.0, 25513.0, -16069.0, -28894.0, -14545.0, -3564.0, -2888.0], "interest_income": [321.0, 754.0, 2702.0, 3057.0, 2100.0, 2652.0, 2120.0, 2583.0, 6017.0, 1091.0, 2054.0, 1541.0, 2109.0, 0.0, 0.0, 0.0, 0.0, 0.0, 0.0, 0.0, 0.0], "interest_expense": [30818.0, 33153.0, 53353.0, 108011.0, 89754.0, 60735.0, 43796.0, 69658.0, 108739.0, 84120.0, 67022.0, 55276.0, 35635.0, 0.0, 0.0, 0.0, 0.0, 0.0, 0.0, 0.0, 0.0], "net_interest_income": [-30497.0, -32399.0, -50651.0, -104954.0, -87654.0, -58083.0, -41676.0, -67075.0, -102722.0, -83029.0, -64968.0, -53735.0, -33526.0, 0.0, 0.0, 0.0, 0.0, 0.0, 0.0, 0.0, 0.0], "ebit": [398274.0, 687722.0, 79321.0, -790660.0, -1027310.0, -503860.0, -198515.0, 254272.0, 150322.0, -245543.0, -520741.0, 238689.0, 79907.0, 168467.0, 11917.0, 19107.0, -12985.0, -24051.0, -13036.0, -3071.0, -8625.0], "ebitda": [408339.0, 0.0, 0.0, 0.0, 0.0, 0.0, 0.0, 0.0, 0.0, 0.0, 0.0, 0.0, 0.0, 0.0, 0.0, 0.0, 0.0, 0.0, 0.0, 0.0, 0.0], "reconciled_cost_of_revenue": [1035065.0, 957702.0, 1738320.0, 2023166.0, 1887084.0, 2369596.0, 1331827.0, 2402138.0, 2016131.0, 2171103.0, 2084290.0, 1709337.0, 1240563.0, 1071238.0, 571111.0, 186042.0, 74353.0, 15577.0, 4987.0, 3198.0, 5977.0], "reconciled_depreciation": [10065.0, 48304.0, 80081.0, 127204.0, 188698.0, 174209.0, 138007.0, 108795.0, 98191.0, 117770.0, 128301.0, 140669.0, 101104.0, 71477.0, 57585.0, 21053.0, 11851.0, 2719.0, 0.0, 0.0, 0.0], "net_income_from_continuing_operation_net_minority_interest": [353608.0, 598042.0, 22159.0, -811091.0, -851163.0, -471064.0, -187019.0, 245894.0, 95593.0, -352020.0, -603859.0, 166883.0, 33173.0, 92293.0, 9202.0, 26516.0, -15843.0, -28911.0, -14545.0, -3533.0, -2888.0], "total_unusual_items_excluding_goodwill": [-3608.0, 7685.0, 103938.0, -210134.0, -645380.0, -242248.0, -6391.0, -12223.0, -2602.0, -119330.0, -379764.0, 70203.0, 15964.0, -27285.0, -29526.0, 1077.0, 377.0, -29.0, 0.0, 31.0, 0.0], "total_unusual_items": [-3608.0, 7685.0, 103938.0, -210134.0, -645380.0, -242248.0, -6391.0, -12223.0, -2602.0, -119330.0, -379764.0, 70203.0, 15964.0, -27285.0, -29526.0, 1077.0, 377.0, -29.0, 0.0, 31.0, 0.0], "normalized_ebitda": [411947.0, 728341.0, 55464.0, -453322.0, -193232.0, -87403.0, -54117.0, 375290.0, 251115.0, -8443.0, -12676.0, 309155.0, 165047.0, 267229.0, 99028.0, 39083.0, -1511.0, -21303.0, -13036.0, -3102.0, -8625.0], "tax_effect_of_unusual_items": [-135.8931, 675.6569, 28063.0, -56736.0, -2278.0, -96899.0, -2556.0, -579.9857, -744.9393, -41765.0, -132917.0, 8947.0, 5587.0, -9550.0, -10334.0, 73.6012, 150.8, -11.6, 0.0, 0.0, 0.0], "operating_revenue": [1280771.0, 1124829.0, 1864225.0, 1726085.0, 1871813.0, 2559562.0, 1576473.0, 3027265.0, 2507203.0, 2417501.0, 2312494.0, 2219230.0, 1524283.0, 1434919.0, 774790.0, 236510.0, 78736.0, 10885.0, 5005.0, 4055.0, 5577.0], "selling_general_and_administrative": [208153.0, 164703.0, 260443.0, 260111.0, 277033.0, 329061.0, 345486.0, 288321.0, 271481.0, 310246.0, 319719.0, 321936.0, 190244.0, 173740.0, 108256.0, 21677.0, 10880.0, 5824.0, 3238.0, 1396.0, 1334.0], "research_and_development": [15980.0, 22381.0, 67515.0, 81705.0, 80785.0, 116130.0, 99063.0, 73343.0, 58080.0, 63456.0, 57775.0, 49090.0, 31642.0, 21474.0, 13563.0, 9684.0, 6488.0, 13535.0, 9816.0, 2532.0, 914.0], "depreciation_amortization_depletion": [0.0, 0.0, 0.0, 0.0, 0.0, 0.0, 0.0, 0.0, 0.0, 0.0, 0.0, 0.0, 0.0, 0.0, 1710.0, 0.0, 0.0, 0.0, 0.0, 0.0, 0.0], "other_operating_expenses": [-9582.0, -6260.0, 0.0, 0.0, 0.0, 0.0, 0.0, 0.0, 0.0, 0.0, 0.0, 0.0, 0.0, 0.0, 12358.0, 0.0, 0.0, 0.0, 0.0, 0.0, 5977.0], "interest_income_non_operating": [321.0, 754.0, 2702.0, 3057.0, 2100.0, 2652.0, 2120.0, 2583.0, 6017.0, 1091.0, 2054.0, 1541.0, 2109.0, 0.0, 0.0, 0.0, 0.0, 0.0, 0.0, 0.0, 0.0], "interest_expense_non_operating": [30818.0, 33153.0, 53353.0, 108011.0, 89754.0, 60735.0, 43796.0, 69658.0, 108739.0, 84120.0, 67022.0, 55276.0, 35635.0, 0.0, 0.0, 0.0, 0.0, 0.0, 0.0, 0.0, 0.0], "total_other_finance_cost": [0.0, 0.0, 0.0, 0.0, 0.0, 0.0, 0.0, 0.0, 0.0, 92600.0, 0.0, 80145.0, 38755.0, 0.0, 0.0, 0.0, 0.0, 0.0, 0.0, 0.0, 0.0], "gain_on_sale_of_security": [502.0, -45.0, -25352.0, -251984.0, 0.0, 0.0, 0.0, 0.0, 0.0, 0.0, 343.0, 0.0, 0.0, 0.0, 0.0, 0.0, 0.0, 0.0, 0.0, 0.0, 0.0], "earnings_from_equity_interest": [0.0, 0.0, 0.0, 0.0, 0.0, 0.0, 0.0, 0.0, 0.0, 0.0, 6259.0, 28078.0, 0.0, 14077.0, -278.0, 0.0, 0.0, 0.0, 0.0, 0.0, 0.0], "special_income_charges": [-4110.0, 7730.0, 129290.0, 41850.0, -645380.0, -242248.0, -6391.0, -12223.0, -2602.0, -119330.0, -379764.0, 70203.0, 15964.0, -27285.0, -29526.0, 1077.0, 377.0, -29.0, 0.0, 31.0, 0.0], "other_non_operating_income_expenses": [370406.0, 692980.0, 174734.0, 55314.0, -10941.0, -9039.0, 5659.0, 449.0, -14604.0, 0.0, 0.0, 0.0, 0.0, 0.0, 0.0, 0.0, 0.0, 0.0, 0.0, 0.0, 0.0], "net_income": [354921.0, 475048.0, 22159.0, -811091.0, -851163.0, -471064.0, -187019.0, 245894.0, 95593.0, -352020.0, -603859.0, 178724.0, 33173.0, 92293.0, 9202.0, 26516.0, -15843.0, -28911.0, -14545.0, -3533.0, -2888.0]}, "currency": "USD"}