{"company": "SQNXF", "groupings": {}, "statement": {"year": ["ttm", "3/31/2021", "3/31/2020", "3/31/2019", "3/31/2018", "3/31/2017", "3/31/2016", "3/31/2015", "3/31/2014", "3/31/2013", "3/31/2012", "3/31/2011", "3/31/2010", "3/31/2009", "3/31/2008", "3/31/2007", "3/31/2006", "3/31/2005"], "year_adjusted": ["2021", "2020", "2019", "2018", "2017", "2016", "2015", "2014", "2013", "2012", "2011", "2010", "2009", "2008", "2007", "2006", "2005", "2004"], "total_revenue": [328426000.0, 331045000.0, 265286000.0, 266015000.0, 252373000.0, 254037000.0, 215434000.0, 168189000.0, 155237000.0, 145605000.0, 128100000.0, 127538000.0, 193074000.0, 135230000.0, 148652000.0, 162387000.0, 124603000.0, 74117000.0], "cost_of_revenue": [163208000.0, 171837000.0, 139012000.0, 146820000.0, 129519000.0, 141123000.0, 115316000.0, 94794000.0, 94481000.0, 98788000.0, 76268000.0, 75846000.0, 108536000.0, 79527000.0, 81201000.0, 87262000.0, 68105000.0, 25703000.0], "gross_profit": [165219000.0, 159208000.0, 126274000.0, 119195000.0, 122854000.0, 112914000.0, 100116000.0, 73394000.0, 60756000.0, 46817000.0, 51831000.0, 51691000.0, 84538000.0, 55703000.0, 67450000.0, 75125000.0, 56497000.0, 48414000.0], "operating_expense": [120496000.0, 111977000.0, 93511000.0, 94658000.0, 84672000.0, 81610000.0, 74090000.0, 56960000.0, 50206000.0, 52894000.0, 33811000.0, 35402000.0, 44410000.0, 33783000.0, 36084000.0, 37965000.0, 32393000.0, 16890000.0], "operating_income": [44723000.0, 47231000.0, 32763000.0, 24537000.0, 38182000.0, 31304000.0, 26026000.0, 16434000.0, 10550000.0, -6077000.0, 18021000.0, 16290000.0, 40128000.0, 21920000.0, 31367000.0, 37160000.0, 24105000.0, 31524000.0], "net_non_operating_interest_income_expense": [5000.0, -11000.0, 228000.0, 60000.0, 23000.0, 23000.0, 18000.0, 71000.0, 23000.0, 2000.0, 75000.0, 36000.0, 16000.0, 695000.0, 959000.0, 465000.0, 110000.0, 70000.0], "pretax_income": [49174000.0, 45694000.0, 30793000.0, 23028000.0, 35927000.0, 25846000.0, 21436000.0, 15310000.0, 10137000.0, -14948000.0, 9866000.0, -9970000.0, 10026000.0, 9153000.0, 16681000.0, 18374000.0, 8990000.0, 25556000.0], "tax_provision": [15272000.0, 18740000.0, 9444000.0, 4559000.0, 10094000.0, 5804000.0, 1544000.0, 5489000.0, 3522000.0, -1250000.0, 3792000.0, 2083000.0, 469000.0, 2859000.0, 7558000.0, 6730000.0, -8116000.0, 10506000.0], "net_income_common_stockholders": [33886000.0, 26942000.0, 21346000.0, 18463000.0, 25821000.0, 20039000.0, 19884000.0, 9831000.0, 6598000.0, -13714000.0, 6060000.0, -12043000.0, 9509000.0, 6333000.0, 9196000.0, 11619000.0, 17076000.0, 14932000.0], "diluted_ni_available_to_com_stockholders": [33886000.0, 26942000.0, 21346000.0, 18463000.0, 25821000.0, 20039000.0, 19884000.0, 9831000.0, 6598000.0, -13714000.0, 6060000.0, -12043000.0, 9509000.0, 6333000.0, 9196000.0, 11619000.0, 17076000.0, 14932000.0], "basic_average_shares": [0.0, 119345.0, 119240.0, 119171.0, 119912.0, 122040.0, 121961.0, 116569.0, 115203.0, 115069.0, 115070.0, 115072.0, 115057.0, 114936.0, 112357.0, 110600.0, 110419.0, 110093.0], "diluted_average_shares": [0.0, 119647.0, 119432.0, 119363.0, 120159.0, 122249.0, 122198.0, 116758.0, 115370.0, 115069.0, 115319.0, 115072.0, 115135.0, 115166.0, 112959.0, 110964.0, 111288.0, 111052.0], "total_operating_income_as_reported": [44717000.0, 47226000.0, 32759000.0, 24531000.0, 38176000.0, 31295000.0, 26018000.0, 16426000.0, 10543000.0, -6081000.0, 10713000.0, 7325000.0, 28235000.0, 12277000.0, 21520000.0, 25916000.0, 15470000.0, 26438000.0], "rent_expense_supplemental": [0.0, 2882000.0, 2919000.0, 2699000.0, 2306000.0, 2100000.0, 2118000.0, 1739000.0, 1652000.0, 1554000.0, 1616000.0, 1782000.0, 2367000.0, 2375000.0, 2483000.0, 2325000.0, 1949000.0, 1033000.0], "total_expenses": [283704000.0, 283814000.0, 232523000.0, 241478000.0, 214191000.0, 222733000.0, 189406000.0, 151754000.0, 144687000.0, 151682000.0, 110079000.0, 111248000.0, 152946000.0, 113310000.0, 117285000.0, 125227000.0, 100498000.0, 42593000.0], "net_income_from_continuing_and_discontinued_operation": [33886000.0, 26942000.0, 21346000.0, 18463000.0, 25821000.0, 20039000.0, 19884000.0, 9831000.0, 6598000.0, -13714000.0, 6060000.0, -12043000.0, 9509000.0, 6333000.0, 9196000.0, 11619000.0, 17076000.0, 14932000.0], "normalized_income": [34667123.0, 30032879.0, 22335339.0, 22725630.0, 25846884.0, 24133112.0, 23290688.0, 10818756.0, 8143120.0, -4041643.0, 10823282.0, 4980300.0, 37807290.0, 14412122.0, 17614200.0, 23728152.0, 26187000.0, 18188800.0], "interest_income": [86000.0, 76000.0, 363000.0, 167000.0, 107000.0, 75000.0, 85000.0, 139000.0, 116000.0, 100000.0, 136000.0, 95000.0, 188000.0, 696000.0, 959000.0, 467000.0, 139000.0, 72000.0], "interest_expense": [81000.0, 87000.0, 135000.0, 107000.0, 84000.0, 52000.0, 67000.0, 68000.0, 93000.0, 98000.0, 61000.0, 59000.0, 30000.0, 1000.0, 0.0, 2000.0, 29000.0, 2000.0], "net_interest_income": [5000.0, -11000.0, 228000.0, 60000.0, 23000.0, 23000.0, 18000.0, 71000.0, 23000.0, 2000.0, 75000.0, 36000.0, 16000.0, 695000.0, 959000.0, 465000.0, 110000.0, 70000.0], "ebit": [49255000.0, 45781000.0, 30928000.0, 23135000.0, 36011000.0, 25898000.0, 21503000.0, 15378000.0, 10230000.0, -14850000.0, 9927000.0, -9911000.0, 10056000.0, 9154000.0, 16681000.0, 18376000.0, 9019000.0, 25558000.0], "ebitda": [56708000.0, 0.0, 0.0, 0.0, 0.0, 0.0, 0.0, 0.0, 0.0, 0.0, 0.0, 0.0, 0.0, 0.0, 0.0, 0.0, 0.0, 0.0], "reconciled_cost_of_revenue": [163208000.0, 171837000.0, 139012000.0, 146820000.0, 129519000.0, 141123000.0, 115316000.0, 94794000.0, 94481000.0, 98788000.0, 76268000.0, 75846000.0, 108536000.0, 79527000.0, 81201000.0, 87262000.0, 68105000.0, 25703000.0], "reconciled_depreciation": [7453000.0, 7515000.0, 7417000.0, 6801000.0, 5859000.0, 6270000.0, 6317000.0, 6934000.0, 6614000.0, 7301000.0, 5039000.0, 8100000.0, 21868000.0, 8082000.0, 11299000.0, 14332000.0, 8419000.0, 1814000.0], "net_income_from_continuing_operation_net_minority_interest": [33886000.0, 26942000.0, 21346000.0, 18463000.0, 25821000.0, 20039000.0, 19884000.0, 9831000.0, 6598000.0, -13714000.0, 6060000.0, -12043000.0, 9509000.0, 6333000.0, 9196000.0, 11619000.0, 17076000.0, 14932000.0], "total_unusual_items_excluding_goodwill": [-1133000.0, -4455000.0, -1427000.0, -5315000.0, -36000.0, -5280000.0, -3671000.0, -1540000.0, -2368000.0, -10555000.0, -7737000.0, -24319000.0, -29687000.0, -11749000.0, -12026000.0, -19108000.0, -15185000.0, -5428000.0], "total_unusual_items": [-1133000.0, -4455000.0, -1427000.0, -5315000.0, -36000.0, -5280000.0, -3671000.0, -1540000.0, -2368000.0, -10555000.0, -7737000.0, -24319000.0, -29687000.0, -11749000.0, -12026000.0, -19108000.0, -15185000.0, -5428000.0], "normalized_ebitda": [57841000.0, 57751000.0, 39772000.0, 35251000.0, 41906000.0, 37448000.0, 31491000.0, 23852000.0, 19212000.0, 3006000.0, 22703000.0, 22508000.0, 61611000.0, 28985000.0, 40006000.0, 51816000.0, 32623000.0, 32800000.0], "tax_effect_of_unusual_items": [-351877.0, -1364121.0, -437661.0, -1052370.0, -10116.0, -1185888.0, -264312.0, -552244.0, -822880.0, -882643.0, -2973718.0, -7295700.0, -1388710.0, -3669878.0, -3607800.0, -6998848.0, -6074000.0, -2171200.0], "operating_revenue": [328426000.0, 331045000.0, 265286000.0, 266015000.0, 252373000.0, 254037000.0, 215434000.0, 168189000.0, 155237000.0, 145605000.0, 128100000.0, 127538000.0, 193074000.0, 135230000.0, 148652000.0, 162387000.0, 124603000.0, 74117000.0], "selling_general_and_administrative": [0.0, 67248000.0, 51846000.0, 56306000.0, 48084000.0, 48895000.0, 41083000.0, 26200000.0, 19416000.0, 21864000.0, 16122000.0, 16585000.0, 21760000.0, 13762000.0, 14181000.0, 16202000.0, 15329000.0, 9528000.0], "other_operating_expenses": [0.0, 9384000.0, 8762000.0, 8610000.0, 8976000.0, 7837000.0, 7826000.0, 7811000.0, 6762000.0, 7984000.0, 67000.0, 0.0, 0.0, 0.0, 8000.0, 0.0, 101000.0, 77000.0], "interest_income_non_operating": [86000.0, 76000.0, 363000.0, 167000.0, 107000.0, 75000.0, 85000.0, 139000.0, 116000.0, 100000.0, 136000.0, 95000.0, 188000.0, 696000.0, 959000.0, 467000.0, 139000.0, 72000.0], "interest_expense_non_operating": [81000.0, 87000.0, 135000.0, 107000.0, 84000.0, 52000.0, 67000.0, 68000.0, 93000.0, 98000.0, 61000.0, 59000.0, 30000.0, 1000.0, 0.0, 2000.0, 29000.0, 2000.0], "total_other_finance_cost": [0.0, 0.0, 0.0, 0.0, 0.0, 0.0, 0.0, 0.0, 0.0, 0.0, 0.0, 0.0, 142000.0, 0.0, 0.0, 0.0, 0.0, 0.0], "net_income": [33886000.0, 26942000.0, 21346000.0, 18463000.0, 25821000.0, 20039000.0, 19884000.0, 9831000.0, 6598000.0, -13714000.0, 6060000.0, -12043000.0, 9509000.0, 6333000.0, 9196000.0, 11619000.0, 17076000.0, 14932000.0], "otherunder_preferred_stock_dividend": [0.0, 0.0, 0.0, 0.0, 0.0, 0.0, 0.0, 0.0, 0.0, 0.0, 0.0, 0.0, 0.0, 0.0, 0.0, 0.0, 0.0, 0.0]}}