{"company": "TSM", "groupings": {}, "statement": {"year": ["ttm", "12/31/2020", "12/31/2019", "12/31/2018", "12/31/2017", "12/31/2016", "12/31/2015", "12/31/2014", "12/31/2013", "12/31/2012", "12/31/2011", "12/31/2010", "12/31/2009", "12/31/2008", "12/31/2007", "12/31/2006", "12/31/2005", "12/31/2004", "12/31/2003", "12/31/2002", "12/31/2001", "12/31/2000", "12/31/1999", "12/31/1998", "12/31/1997"], "year_adjusted": ["2021", "2020", "2019", "2018", "2017", "2016", "2015", "2014", "2013", "2012", "2011", "2010", "2009", "2008", "2007", "2006", "2005", "2004", "2003", "2002", "2001", "2000", "1999", "1998", "1997"], "total_revenue": [1510730763.0, 1339238500.0, 1069988800.0, 1031361800.0, 977442600.0, 947909200.0, 843512500.0, 762835000.0, 597003300.0, 506223600.0, 427080600.0, 419537900.0, 295742200.0, 334064750.0, 322647066.0, 317358057.0, 267362811.0, 257622812.0, 202648572.0, 162583484.0, 130207396.0, 166197602.0, 73075908.0, 50339078.0, 44053071.0], "cost_of_revenue": [726712015.0, 628108400.0, 577286900.0, 533487500.0, 482616200.0, 473077100.0, 433117600.0, 385113000.0, 315642500.0, 262628700.0, 233011400.0, 212484300.0, 166413600.0, 191928897.0, 180291230.0, 161572574.0, 148806171.0, 141616477.0, 127911725.0, 110179378.0, 99823091.0, 89681747.0, 41565528.0, 31028202.0, 22907206.0], "gross_profit": [784018748.0, 711130100.0, 492701900.0, 497874300.0, 494826400.0, 474832100.0, 410394900.0, 377722000.0, 281360800.0, 243594900.0, 194069200.0, 207053600.0, 129328600.0, 142135853.0, 142355836.0, 155785483.0, 118556640.0, 116006335.0, 74736848.0, 52404106.0, 30384305.0, 76515854.0, 31510380.0, 19310876.0, 21145865.0], "operating_expense": [159689629.0, 144346400.0, 119352200.0, 112821700.0, 108169300.0, 96920800.0, 88665000.0, 80902200.0, 71364100.0, 62537700.0, 52511800.0, 47878300.0, 37366700.0, 37415410.0, 30628526.0, 28541175.0, 27315794.0, 27385102.0, 23565367.0, 20760140.0, 22421891.0, 15221125.0, 6677315.0, 5528439.0, 6174495.0], "operating_income": [624329119.0, 566783700.0, 373349700.0, 385052600.0, 386657100.0, 377911300.0, 321729900.0, 296819800.0, 209996700.0, 181057200.0, 141557400.0, 159175300.0, 91961900.0, 104720443.0, 111727310.0, 127244308.0, 91240847.0, 88621233.0, 51171481.0, 31643966.0, 7962414.0, 61294730.0, 24833065.0, 13782437.0, 14971370.0], "net_non_operating_interest_income_expense": [1889951.0, 6936900.0, 12938500.0, 11643300.0, 6134400.0, 3011400.0, 939000.0, -505600.0, -810800.0, 624600.0, 852800.0, 1239800.0, 2209400.0, 0.0, 0.0, 0.0, 0.0, 0.0, 0.0, 0.0, 0.0, 0.0, 0.0, 0.0, 0.0], "other_income_expense": [13164514.0, 11025700.0, 3573900.0, 847300.0, 3370400.0, 4999000.0, 27808700.0, 5759300.0, 6775600.0, -127800.0, 2737500.0, 9855300.0, 1291300.0, 2286315.0, 5111241.0, 2443873.0, 2896445.0, 3169572.0, 1052632.0, -2831270.0, -2363881.0, 3644139.0, -190620.0, -818312.0, -8297.0], "pretax_income": [639383584.0, 584746300.0, 389862100.0, 397543100.0, 396161900.0, 385921700.0, 350477600.0, 302073500.0, 215961500.0, 181554000.0, 145147700.0, 170270400.0, 95462600.0, 111776483.0, 121648176.0, 133340956.0, 94545394.0, 92107762.0, 47164690.0, 27294297.0, 10142169.0, 63938306.0, 24176335.0, 13653569.0, 15445891.0], "tax_provision": [73009523.0, 73738300.0, 35835100.0, 34436900.0, 51122900.0, 54124400.0, 47644700.0, 47889900.0, 32111800.0, 15590300.0, 10694400.0, 7988500.0, 5996400.0, 10978253.0, 11711098.0, 7771515.0, 632477.0, -348653.0, 3904924.0, 5646400.0, -4341015.0, -1167881.0, -386695.0, -1662398.0, -2565865.0], "net_income_common_stockholders": [565932769.0, 510744000.0, 353948000.0, 363052700.0, 344998300.0, 331713700.0, 302850900.0, 254301400.0, 183977600.0, 166158800.0, 134201300.0, 161605000.0, 89217800.0, 100206942.0, 109181419.0, 126990145.0, 93855040.0, 92456415.0, 46994910.0, 21647896.0, 14483184.0, 65106187.0, 24563030.0, 15315967.0, 18011757.0], "average_dilution_earnings": [0.0, 0.0, 0.0, 0.0, 0.0, 0.0, 0.0, 0.0, 0.0, 0.0, 0.0, 0.0, 0.0, 0.0, 0.0, 0.0, 0.0, 0.0, 0.0, 0.0, 0.0, 0.0, 0.0, 0.0, 0.0], "diluted_ni_available_to_com_stockholders": [565932769.0, 510744000.0, 353948000.0, 363052700.0, 344998300.0, 331713700.0, 302850900.0, 254301400.0, 183977600.0, 166158800.0, 134201300.0, 161605000.0, 89217800.0, 100206942.0, 109181419.0, 126990145.0, 93855040.0, 92456415.0, 46994910.0, 21647896.0, 14483184.0, 65106187.0, 24563030.0, 15315967.0, 18011757.0], "basic_average_shares": [0.0, 5186076.0, 5186076.0, 5186076.0, 5186076.0, 5186076.0, 5186058.0, 5185855.0, 5185556.0, 5184147.0, 5182815.0, 5181166.0, 5167160.0, 5207838.0, 5322141.0, 5235464.0, 5160211.0, 5104002.0, 5065421.0, 5026272.0, 4457588.0, 4749447.0, 4037936.0, 3968453.0, 3881665.0], "diluted_average_shares": [0.0, 5186076.0, 5186076.0, 5186076.0, 5186076.0, 5186076.0, 5186076.0, 5186021.0, 5185921.0, 5185587.0, 5184936.0, 5184019.0, 5182721.0, 5247442.0, 5326518.0, 5240464.0, 5162964.0, 5105408.0, 5067495.0, 5026272.0, 5192498.0, 4750175.0, 4044610.0, 3968453.0, 3881665.0], "total_operating_income_as_reported": [624329119.0, 566783700.0, 372701100.0, 383623500.0, 385559200.0, 377957800.0, 320047800.0, 295870300.0, 210068900.0, 181057200.0, 141557400.0, 159175300.0, 91961900.0, 104720443.0, 111727310.0, 127244308.0, 91240814.0, 88621233.0, 51205437.0, 31643932.0, 8238673.0, 61294697.0, 24833096.0, 13782437.0, 14971370.0], "total_expenses": [886401644.0, 772454800.0, 696639100.0, 646309200.0, 590785500.0, 569997900.0, 521782600.0, 466015200.0, 387006600.0, 325166400.0, 285523200.0, 260362600.0, 203780300.0, 229344307.0, 210919756.0, 190113749.0, 176121964.0, 169001579.0, 151477091.0, 130939518.0, 122244983.0, 104902872.0, 48242843.0, 36556641.0, 29081702.0], "net_income_from_continuing_and_discontinued_operation": [565932769.0, 510744000.0, 353948000.0, 363052700.0, 344998300.0, 331713700.0, 302850900.0, 254301400.0, 183977600.0, 166158800.0, 134201300.0, 161605000.0, 89217800.0, 100206942.0, 109181419.0, 125383706.0, 93855040.0, 92456415.0, 47164690.0, 21647896.0, 14483184.0, 65106187.0, 24563030.0, 15315967.0, 18011757.0], "normalized_income": [560255078.0, 505171247.0, 353904594.0, 364984855.0, 345024342.0, 330504286.0, 282486008.0, 252932593.0, 181629408.0, 168624357.0, 132496963.0, 155221438.0, 88050722.0, 98779113.0, 106827865.0, 125291649.0, 92405856.0, 91809823.0, 45918908.0, 22322897.0, 15901513.0, 62919703.0, 24677402.0, 15806954.0, 18016735.0], "interest_income": [5899135.0, 9018400.0, 16189400.0, 14694400.0, 9464700.0, 6317500.0, 4129300.0, 2730700.0, 1836000.0, 1645000.0, 1479500.0, 1665200.0, 2600900.0, 0.0, 0.0, 0.0, 0.0, 0.0, 0.0, 0.0, 0.0, 0.0, 0.0, 0.0, 0.0], "interest_expense": [4009184.0, 2081500.0, 3250900.0, 3051100.0, 3330300.0, 3306100.0, 3190300.0, 3236300.0, 2646800.0, 1020400.0, 626700.0, 425400.0, 391500.0, 0.0, 0.0, 0.0, 0.0, 0.0, 0.0, 0.0, 0.0, 0.0, 0.0, 0.0, 0.0], "net_interest_income": [1889951.0, 6936900.0, 12938500.0, 11643300.0, 6134400.0, 3011400.0, 939000.0, -505600.0, -810800.0, 624600.0, 852800.0, 1239800.0, 2209400.0, 0.0, 0.0, 0.0, 0.0, 0.0, 0.0, 0.0, 0.0, 0.0, 0.0, 0.0, 0.0], "ebit": [643392768.0, 586827800.0, 393113000.0, 400594200.0, 399492200.0, 389227800.0, 353667900.0, 305309800.0, 218608300.0, 182574400.0, 145774400.0, 170695800.0, 95854100.0, 104720443.0, 111727310.0, 127244308.0, 91240847.0, 88621233.0, 51171481.0, 31643966.0, 7962414.0, 61294730.0, 24833065.0, 13782437.0, 14971370.0], "ebitda": [1052686802.0, 0.0, 0.0, 0.0, 0.0, 0.0, 0.0, 0.0, 0.0, 0.0, 0.0, 0.0, 0.0, 0.0, 0.0, 0.0, 0.0, 0.0, 0.0, 0.0, 0.0, 0.0, 0.0, 0.0, 0.0], "reconciled_cost_of_revenue": [726712015.0, 628108400.0, 577286900.0, 533487500.0, 482616200.0, 473077100.0, 433117600.0, 184886400.0, 159485800.0, 262628700.0, 233011400.0, 212484300.0, 166413600.0, 191928897.0, 180291230.0, 161572574.0, 148806171.0, 141616477.0, 59049241.0, 45084071.0, 99823091.0, 89681747.0, 41565528.0, 31028202.0, 22907206.0], "reconciled_depreciation": [409294034.0, 331724600.0, 286884200.0, 292546300.0, 260142700.0, 223828400.0, 222505600.0, 200251500.0, 156181800.0, 131349300.0, 107681500.0, 87810100.0, 80814700.0, 81735753.0, 79892324.0, 73707202.0, 75997038.0, 69952454.0, 69032263.0, 65113846.0, 48875776.0, 41446122.0, 18043635.0, 15270863.0, 9790639.0], "net_income_from_continuing_operation_net_minority_interest": [565932769.0, 510744000.0, 353948000.0, 363052700.0, 344998300.0, 331713700.0, 302850900.0, 254301400.0, 183977600.0, 166158800.0, 134201300.0, 161605000.0, 89217800.0, 100206942.0, 109181419.0, 125383706.0, 93855040.0, 92456415.0, 47164690.0, 21647896.0, 14483184.0, 65106187.0, 24563030.0, 15315967.0, 18011757.0], "total_unusual_items_excluding_goodwill": [6409585.0, 6376900.0, 47800.0, -2115400.0, -29900.0, 1406700.0, 23568900.0, 1626700.0, 2668400.0, -2700500.0, 1839900.0, 6697800.0, 1245300.0, 1583339.0, 2604268.0, 97755.0, 1458943.0, 1077654.0, 1358234.0, -851061.0, -2363881.0, 3644139.0, -190620.0, -818312.0, -8297.0], "total_unusual_items": [6409585.0, 6376900.0, 47800.0, -2115400.0, -29900.0, 1406700.0, 23568900.0, 1626700.0, 2668400.0, -2700500.0, 1839900.0, 6697800.0, 1245300.0, 1583339.0, 2604268.0, 97755.0, 1458943.0, 1077654.0, 1358234.0, -851061.0, -2363881.0, 3644139.0, -190620.0, -818312.0, -8297.0], "normalized_ebitda": [1046277217.0, 912175500.0, 679949400.0, 695255900.0, 659664800.0, 611649500.0, 552604600.0, 503934600.0, 372121700.0, 316624200.0, 251616000.0, 251808100.0, 175423500.0, 184872857.0, 189015366.0, 200853755.0, 165778941.0, 157496033.0, 118845510.0, 97608873.0, 59202071.0, 99096714.0, 43067319.0, 29871612.0, 24770306.0], "tax_effect_of_unusual_items": [731894.0, 804147.0, 4394.0, -183245.0, -3858.0, 197286.0, 3204008.0, 257893.0, 320208.0, -234943.0, 135563.0, 314238.0, 78222.0, 155509.0, 250713.0, 5697.0, 9760.0, 431062.0, 112453.0, -176060.0, -945553.0, 1457656.0, -76248.0, -327325.0, -3319.0], "operating_revenue": [1510730763.0, 1339238500.0, 1069988800.0, 1031361800.0, 976918600.0, 947386800.0, 843012700.0, 762205400.0, 596496100.0, 506223600.0, 427080600.0, 431630900.0, 295742200.0, 334064750.0, 322647066.0, 317358057.0, 267362811.0, 257622812.0, 202648572.0, 162583484.0, 130207396.0, 166197602.0, 73075908.0, 50339078.0, 44053071.0], "selling_general_and_administrative": [37229771.0, 35570400.0, 28085800.0, 26253700.0, 27169200.0, 25696400.0, 22921900.0, 24020800.0, 23387000.0, 22135600.0, 18681900.0, 18171600.0, 15773300.0, 15876091.0, 12680806.0, 12467010.0, 13257358.0, 14833597.0, 10865875.0, 9014748.0, 10865316.0, 10089668.0, 4286475.0, 2287408.0, 3661975.0], "research_and_development": [122436691.0, 109486000.0, 91418700.0, 85895600.0, 80732500.0, 71207700.0, 65544600.0, 56828800.0, 47952000.0, 40402100.0, 33829900.0, 29706700.0, 21593400.0, 21539319.0, 17947719.0, 16074166.0, 14058436.0, 12551505.0, 12699492.0, 11745392.0, 11280351.0, 5131490.0, 2390840.0, 3241031.0, 2512520.0], "depreciation_amortization_depletion": [0.0, 0.0, 0.0, 0.0, 0.0, 0.0, 0.0, 24900.0, 25100.0, 0.0, 0.0, 0.0, 0.0, 0.0, 0.0, 0.0, 0.0, 0.0, 169779.0, 18539.0, 0.0, 0.0, 0.0, 0.0, 0.0], "other_operating_expenses": [23167.0, -710000.0, -152300.0, 672400.0, 267600.0, 16700.0, 198500.0, 27700.0, 0.0, 0.0, 0.0, 0.0, 0.0, 0.0, 0.0, 0.0, 0.0, 0.0, -169779.0, -18539.0, 276224.0, -33.1126, 0.0, 0.0, 0.0], "interest_income_non_operating": [5899135.0, 9018400.0, 16189400.0, 14694400.0, 9464700.0, 6317500.0, 4129300.0, 2730700.0, 1836000.0, 1645000.0, 1479500.0, 1665200.0, 2600900.0, 0.0, 0.0, 0.0, 0.0, 0.0, 0.0, 0.0, 0.0, 0.0, 0.0, 0.0, 0.0], "interest_expense_non_operating": [4009184.0, 2081500.0, 3250900.0, 3051100.0, 3330300.0, 3306100.0, 3190300.0, 3236300.0, 2646800.0, 1020400.0, 626700.0, 425400.0, 391500.0, 0.0, 0.0, 0.0, 0.0, 0.0, 0.0, 0.0, 0.0, 0.0, 0.0, 0.0, 0.0], "total_other_finance_cost": [0.0, 0.0, -12939000.0, 0.0, 0.0, 0.0, 0.0, 0.0, 0.0, 0.0, 0.0, 0.0, 0.0, 0.0, 0.0, 0.0, 0.0, 0.0, 0.0, 0.0, 0.0, 0.0, 0.0, 0.0, 0.0], "gain_on_sale_of_security": [6403820.0, 6380600.0, 702700.0, -688700.0, 1080300.0, 1778500.0, 23051800.0, 744800.0, 1778400.0, 1123600.0, 321800.0, 958400.0, 0.0, 0.0, 0.0, 0.0, 0.0, 0.0, 0.0, 0.0, 0.0, 0.0, 0.0, 0.0, 0.0], "earnings_from_equity_interest": [5276266.0, 3562000.0, 2861000.0, 3090600.0, 3014800.0, 3457900.0, 4196400.0, 3919800.0, 3806800.0, 2028600.0, 897600.0, 2298200.0, 46000.0, 702976.0, 2506973.0, 2346118.0, 1437502.0, 2091918.0, -305603.0, -1980209.0, 0.0, 0.0, 0.0, 0.0, 0.0], "special_income_charges": [5765.0, -3700.0, -654900.0, -1426700.0, -1110200.0, -371800.0, 517100.0, 881900.0, 890000.0, -3824100.0, 1518100.0, 5739400.0, 1245300.0, 1583339.0, 2604268.0, 97755.0, 1458943.0, 1077654.0, 1358234.0, -851061.0, -2363881.0, 3644139.0, -190620.0, -818312.0, -8297.0], "other_non_operating_income_expenses": [1478663.0, 1086800.0, 665100.0, -127900.0, 385500.0, 134400.0, 43400.0, 212800.0, 300400.0, 544100.0, 0.0, 859300.0, 0.0, 0.0, 0.0, 0.0, 0.0, 0.0, 0.0, 0.0, 0.0, 0.0, 0.0, 0.0, 0.0], "net_income": [565932769.0, 510744000.0, 353948000.0, 363052700.0, 344998300.0, 331713700.0, 302850900.0, 254301400.0, 183977600.0, 166158800.0, 134201300.0, 161605000.0, 89217800.0, 100206942.0, 109181419.0, 126990145.0, 93855040.0, 92456415.0, 47164690.0, 21647896.0, 14483184.0, 65106187.0, 24563030.0, 15315967.0, 18011757.0], "preferred_stock_dividends": [0.0, 0.0, 0.0, 0.0, 0.0, 0.0, 0.0, 0.0, 0.0, 0.0, 0.0, 0.0, 0.0, 0.0, 0.0, 0.0, 0.0, 0.0, 169779.0, 0.0, 0.0, 0.0, 0.0, 0.0, 0.0]}, "currency": "TWD"}