{"company": "TXN", "groupings": {}, "statement": {"year": ["ttm", "12/31/2020", "12/31/2019", "12/31/2018", "12/31/2017", "12/31/2016", "12/31/2015", "12/31/2014", "12/31/2013", "12/31/2012", "12/31/2011", "12/31/2010", "12/31/2009", "12/31/2008", "12/31/2007", "12/31/2006", "12/31/2005", "12/31/2004", "12/31/2003", "12/31/2002", "12/31/2001", "12/31/2000", "12/31/1999", "12/31/1998", "12/31/1997", "12/31/1996", "12/31/1995", "12/31/1994", "12/31/1993", "12/31/1992", "12/31/1991", "12/31/1990", "12/31/1989", "12/31/1988", "12/31/1987", "12/31/1986", "12/31/1985"], "year_adjusted": ["2021", "2020", "2019", "2018", "2017", "2016", "2015", "2014", "2013", "2012", "2011", "2010", "2009", "2008", "2007", "2006", "2005", "2004", "2003", "2002", "2001", "2000", "1999", "1998", "1997", "1996", "1995", "1994", "1993", "1992", "1991", "1990", "1989", "1988", "1987", "1986", "1985"], "total_revenue": [17588000.0, 14461000.0, 14383000.0, 15784000.0, 14961000.0, 13370000.0, 13000000.0, 13045000.0, 12205000.0, 12825000.0, 13735000.0, 13966000.0, 10427000.0, 12501000.0, 13835000.0, 14255000.0, 13392000.0, 12580000.0, 9834000.0, 8383000.0, 8201000.0, 11875000.0, 9468000.0, 8460000.0, 9750000.0, 9940000.0, 13128000.0, 10315000.0, 8523000.0, 7440000.0, 6784000.0, 6567000.0, 6521900.0, 6294800.0, 5594500.0, 4974000.0, 4924500.0], "cost_of_revenue": [5916000.0, 5192000.0, 5219000.0, 5507000.0, 5347000.0, 5130000.0, 5440000.0, 5618000.0, 5841000.0, 6457000.0, 6963000.0, 6474000.0, 5428000.0, 6256000.0, 6502000.0, 6996000.0, 7029000.0, 6954000.0, 5872000.0, 5313000.0, 5824000.0, 6120000.0, 4931000.0, 5394000.0, 6067000.0, 7146000.0, 9318000.0, 7471000.0, 6274000.0, 5110000.0, 5072000.0, 4786000.0, 4636000.0, 4427800.0, 4002800.0, 3609200.0, 3555300.0], "gross_profit": [11672000.0, 9269000.0, 9164000.0, 10277000.0, 9614000.0, 8240000.0, 7560000.0, 7427000.0, 6364000.0, 6368000.0, 6772000.0, 7492000.0, 4999000.0, 6245000.0, 7333000.0, 7259000.0, 6363000.0, 5626000.0, 3962000.0, 3070000.0, 2377000.0, 5755000.0, 4537000.0, 3066000.0, 3683000.0, 2794000.0, 3810000.0, 2844000.0, 2249000.0, 2330000.0, 1712000.0, 1781000.0, 1885900.0, 1867000.0, 1591700.0, 1364800.0, 1369200.0], "operating_expense": [3213000.0, 3153000.0, 3189000.0, 3243000.0, 3083000.0, 3137000.0, 3028000.0, 3201000.0, 3380000.0, 3681000.0, 3353000.0, 2945000.0, 2796000.0, 3554000.0, 3836000.0, 3892000.0, 3572000.0, 3419000.0, 2997000.0, 2782000.0, 2959000.0, 3416000.0, 2841000.0, 2667000.0, 3068000.0, 2820000.0, 2216000.0, -6388000.0, -5546000.0, 1910000.0, 1961000.0, 1807000.0, 1566500.0, 1499000.0, 1374300.0, 1262900.0, 1460800.0], "operating_income": [8459000.0, 6116000.0, 5975000.0, 7034000.0, 6531000.0, 5103000.0, 4532000.0, 4226000.0, 2984000.0, 2687000.0, 3419000.0, 4547000.0, 2203000.0, 2691000.0, 3497000.0, 3367000.0, 2791000.0, 2207000.0, 965000.0, 288000.0, -582000.0, 2339000.0, 1696000.0, 399000.0, 615000.0, -26000.0, 1594000.0, 9232000.0, 7795000.0, 420000.0, -249000.0, -26000.0, 319400.0, 368000.0, 217400.0, 101900.0, -91600.0], "net_non_operating_interest_income_expense": [-183000.0, -190000.0, -170000.0, -125000.0, -78000.0, -58000.0, -62000.0, -81000.0, -95000.0, -45000.0, -31000.0, 13000.0, 24000.0, 76000.0, 0.0, 0.0, 0.0, 0.0, 0.0, 0.0, 0.0, 0.0, 0.0, 0.0, 0.0, 0.0, 0.0, 0.0, 0.0, 0.0, 0.0, 0.0, 0.0, 0.0, 0.0, 0.0, 0.0], "other_income_expense": [107000.0, 91000.0, -77000.0, -223000.0, -373000.0, -115000.0, -254000.0, -271000.0, -135000.0, -707000.0, -433000.0, -9000.0, -212000.0, -286000.0, 39000.0, 69000.0, 206000.0, 99000.0, 324000.0, -698000.0, 217000.0, 2314000.0, 398000.0, 293000.0, 192000.0, 76000.0, 73000.0, 4000.0, 15000.0, 0.0, -14000.0, 29000.0, 59000.0, 181800.0, 218000.0, 20900.0, 17000.0], "pretax_income": [8383000.0, 6017000.0, 5728000.0, 6686000.0, 6080000.0, 4930000.0, 4216000.0, 3874000.0, 2754000.0, 1935000.0, 2955000.0, 4551000.0, 2017000.0, 2481000.0, 3692000.0, 3625000.0, 2988000.0, 2421000.0, 1250000.0, -346000.0, -426000.0, 4578000.0, 2019000.0, 617000.0, 713000.0, -23000.0, 1619000.0, 1042000.0, 696000.0, 369000.0, -304000.0, -21000.0, 354800.0, 516400.0, 414700.0, 98700.0, -115000.0], "tax_provision": [1064000.0, 422000.0, 711000.0, 1106000.0, 2398000.0, 1335000.0, 1230000.0, 1053000.0, 592000.0, 176000.0, 719000.0, 1323000.0, 547000.0, 561000.0, 1051000.0, 987000.0, 664000.0, 560000.0, 52000.0, -2000.0, -225000.0, 1491000.0, 613000.0, 210000.0, 411000.0, 23000.0, 531000.0, 351000.0, 220000.0, 122000.0, 105000.0, 18000.0, 63100.0, 150100.0, 157800.0, 58800.0, 3700.0], "net_income_common_stockholders": [7319000.0, 5595000.0, 5017000.0, 5537000.0, 3648000.0, 3550000.0, 2943000.0, 2777000.0, 2125000.0, 1728000.0, 2236000.0, 3228000.0, 1470000.0, 1920000.0, 2657000.0, 4341000.0, 2324000.0, 1861000.0, 1198000.0, -344000.0, -201000.0, 3058000.0, 1406000.0, 407000.0, 1805000.0, 63000.0, 1088000.0, 691000.0, 452000.0, 210000.0, -443000.0, -75000.0, 253000.0, 335900.0, 241700.0, 28400.0, -118700.0], "average_dilution_earnings": [-32000.0, -27000.0, -31000.0, 1000.0, 1000.0, 1000.0, 1000.0, 1000.0, 1000.0, 0.0, 0.0, 0.0, 0.0, 0.0, 0.0, 0.0, 0.0, 0.0, 0.0, 0.0, 0.0, 0.0, 0.0, 0.0, 0.0, 0.0, 0.0, 0.0, 0.0, 0.0, 0.0, 0.0, 0.0, 0.0, 0.0, 0.0, 0.0], "diluted_ni_available_to_com_stockholders": [7287000.0, 5568000.0, 4986000.0, 5538000.0, 3649000.0, 3551000.0, 2944000.0, 2778000.0, 2126000.0, 1728000.0, 2236000.0, 3228000.0, 1470000.0, 1920000.0, 2657000.0, 4341000.0, 2324000.0, 1861000.0, 1198000.0, -344000.0, -201000.0, 3058000.0, 1406000.0, 407000.0, 1805000.0, 63000.0, 1088000.0, 691000.0, 452000.0, 210000.0, -443000.0, -75000.0, 253000.0, 335900.0, 241700.0, 28400.0, -118700.0], "basic_average_shares": [0.0, 921000.0, 936000.0, 970000.0, 991000.0, 995984.0, 1011268.0, 1046627.0, 1098000.0, 1132000.0, 1151000.0, 1199000.0, 1260000.0, 1308000.0, 1417000.0, 1528000.0, 1640000.0, 1730000.0, 1736232.0, 1720000.0, 1675000.0, 1717978.0, 1606857.0, 1565385.0, 1539446.0, 1527273.0, 1546004.0, 1520770.0, 1375200.0, 1312500.0, 1302941.0, 1250000.0, 1331579.0, 1291923.0, 1272105.0, 946667.0, 1187000.0], "diluted_average_shares": [0.0, 933000.0, 952000.0, 990000.0, 1012000.0, 1021000.0, 1043000.0, 1080000.0, 1113000.0, 1146000.0, 1171000.0, 1213000.0, 1269000.0, 1324000.0, 1446000.0, 1560000.0, 1671000.0, 1768000.0, 1761765.0, 1720000.0, 1675000.0, 1788304.0, 1673810.0, 1596078.0, 1590308.0, 1534760.0, 1546584.0, 1528304.0, 1497696.0, 1312500.0, 1302941.0, 1250000.0, 1331579.0, 1291923.0, 1272105.0, 946667.0, 1187000.0], "total_operating_income_as_reported": [8270000.0, 5894000.0, 5723000.0, 6713000.0, 6083000.0, 4799000.0, 4274000.0, 3947000.0, 2832000.0, 1973000.0, 2992000.0, 4514000.0, 1991000.0, 2437000.0, 3497000.0, 3367000.0, 2791000.0, 2207000.0, 965000.0, 288000.0, -582000.0, 2339000.0, 1696000.0, 399000.0, 615000.0, -26000.0, 1594000.0, 9232000.0, 7795000.0, 420000.0, -249000.0, -26000.0, 319400.0, 368000.0, 217400.0, 101900.0, -91600.0], "total_expenses": [9129000.0, 8345000.0, 8408000.0, 8750000.0, 8430000.0, 8267000.0, 8468000.0, 8819000.0, 9221000.0, 10138000.0, 10316000.0, 9419000.0, 8224000.0, 9810000.0, 10338000.0, 10888000.0, 10601000.0, 10373000.0, 8869000.0, 8095000.0, 8783000.0, 9536000.0, 7772000.0, 8061000.0, 9135000.0, 9966000.0, 11534000.0, 1083000.0, 728000.0, 7020000.0, 7033000.0, 6593000.0, 6202500.0, 5926800.0, 5377100.0, 4872100.0, 5016100.0], "net_income_from_continuing_and_discontinued_operation": [7319000.0, 5595000.0, 5017000.0, 5580000.0, 3682000.0, 3595000.0, 2986000.0, 2821000.0, 2162000.0, 1759000.0, 2236000.0, 3228000.0, 1470000.0, 1920000.0, 2657000.0, 4341000.0, 2324000.0, 1861000.0, 1198000.0, -344000.0, -201000.0, 3087000.0, 1406000.0, 407000.0, 1827000.0, 63000.0, 1088000.0, 691000.0, 476000.0, 247000.0, -409000.0, -39000.0, 291700.0, 366300.0, 256900.0, 39900.0, -118700.0], "normalized_income": [7484011.0, 5801460.0, 5237720.0, 5848035.0, 3881374.0, 3674461.0, 3163500.0, 3021020.0, 2267195.0, 2391695.0, 2563644.0, 3234384.0, 1624507.0, 2141330.0, 2613102.0, 2587787.0, 2163778.0, 1784131.0, 887478.0, 349965.0, -331200.0, 1526642.0, 1128839.0, 213724.0, 186800.0, -91600.0, 1038943.0, 688347.0, 465741.0, 247000.0, -400600.0, -56400.0, 243193.0, 237343.0, 121852.0, 27360.0, -128900.0], "interest_income": [0.0, 0.0, 0.0, 0.0, 0.0, 8000.0, 14000.0, 13000.0, 0.0, 40000.0, 11000.0, 13000.0, 24000.0, 76000.0, 0.0, 0.0, 0.0, 0.0, 0.0, 0.0, 0.0, 0.0, 0.0, 0.0, 0.0, 0.0, 0.0, 0.0, 0.0, 0.0, 0.0, 0.0, 0.0, 0.0, 0.0, 0.0, 0.0], "interest_expense": [183000.0, 190000.0, 170000.0, 125000.0, 78000.0, 80000.0, 90000.0, 94000.0, 95000.0, 85000.0, 42000.0, 0.0, 0.0, 0.0, 0.0, 0.0, 0.0, 0.0, 0.0, 0.0, 0.0, 0.0, 0.0, 0.0, 0.0, 0.0, 0.0, 0.0, 0.0, 0.0, 0.0, 0.0, 0.0, 0.0, 0.0, 0.0, 0.0], "net_interest_income": [-183000.0, -190000.0, -170000.0, -125000.0, -78000.0, -58000.0, -62000.0, -81000.0, -95000.0, -45000.0, -31000.0, 13000.0, 24000.0, 76000.0, 0.0, 0.0, 0.0, 0.0, 0.0, 0.0, 0.0, 0.0, 0.0, 0.0, 0.0, 0.0, 0.0, 0.0, 0.0, 0.0, 0.0, 0.0, 0.0, 0.0, 0.0, 0.0, 0.0], "ebit": [8566000.0, 6207000.0, 5898000.0, 6811000.0, 6158000.0, 5010000.0, 4306000.0, 3968000.0, 2849000.0, 2020000.0, 2997000.0, 4547000.0, 2203000.0, 2481000.0, 3497000.0, 3367000.0, 2791000.0, 2207000.0, 965000.0, 288000.0, -582000.0, 2339000.0, 1696000.0, 399000.0, 615000.0, -26000.0, 1594000.0, 9232000.0, 7795000.0, 420000.0, -249000.0, -26000.0, 319400.0, 368000.0, 217400.0, 101900.0, -91600.0], "ebitda": [9550000.0, 0.0, 0.0, 0.0, 0.0, 0.0, 0.0, 0.0, 0.0, 0.0, 0.0, 0.0, 0.0, 0.0, 0.0, 0.0, 0.0, 0.0, 0.0, 0.0, 0.0, 0.0, 0.0, 0.0, 0.0, 0.0, 0.0, 0.0, 0.0, 0.0, 0.0, 0.0, 0.0, 0.0, 0.0, 0.0, 0.0], "reconciled_cost_of_revenue": [5916000.0, 5192000.0, 5219000.0, 5507000.0, 5347000.0, 5130000.0, 5440000.0, 5618000.0, 5841000.0, 6457000.0, 6963000.0, 6474000.0, 5428000.0, 6256000.0, 6502000.0, 6996000.0, 7029000.0, 6954000.0, 5872000.0, 5313000.0, 5824000.0, 6120000.0, 4931000.0, 5394000.0, 6067000.0, 7146000.0, 9318000.0, 7471000.0, 6274000.0, 5110000.0, 5072000.0, 4786000.0, 4636000.0, 4427800.0, 4002800.0, 3609200.0, 3555300.0], "reconciled_depreciation": [984000.0, 992000.0, 1050000.0, 954000.0, 904000.0, 955000.0, 1133000.0, 1230000.0, 1297000.0, 1299000.0, 1015000.0, 913000.0, 925000.0, 1059000.0, 1070000.0, 1221000.0, 1558000.0, 1549000.0, 1528000.0, 1689000.0, 1828000.0, 1376000.0, 1055000.0, 1144000.0, 1109000.0, 904000.0, 756000.0, 665000.0, 617000.0, 610000.0, 590000.0, 541000.0, 453700.0, 389800.0, 380100.0, 426200.0, 515900.0], "net_income_from_continuing_operation_net_minority_interest": [7319000.0, 5595000.0, 5017000.0, 5580000.0, 3682000.0, 3595000.0, 2986000.0, 2821000.0, 2162000.0, 1759000.0, 2236000.0, 3228000.0, 1470000.0, 1920000.0, 2641000.0, 2638000.0, 2324000.0, 1861000.0, 1198000.0, -344000.0, -201000.0, 3087000.0, 1406000.0, 407000.0, 302000.0, -46000.0, 1088000.0, 691000.0, 476000.0, 247000.0, -409000.0, -39000.0, 291700.0, 366300.0, 256900.0, 39900.0, -118700.0], "total_unusual_items_excluding_goodwill": [-189000.0, -222000.0, -252000.0, -321000.0, -329000.0, -109000.0, -250000.0, -274000.0, -134000.0, -696000.0, -433000.0, -9000.0, -212000.0, -286000.0, 39000.0, 69000.0, 206000.0, 100000.0, 324000.0, -698000.0, 217000.0, 2314000.0, 398000.0, 293000.0, 192000.0, 76000.0, 73000.0, 4000.0, 15000.0, 0.0, -14000.0, 29000.0, 59000.0, 181800.0, 218000.0, 20900.0, 17000.0], "total_unusual_items": [-189000.0, -222000.0, -252000.0, -321000.0, -329000.0, -109000.0, -250000.0, -274000.0, -134000.0, -696000.0, -433000.0, -9000.0, -212000.0, -286000.0, 39000.0, 69000.0, 206000.0, 100000.0, 324000.0, -698000.0, 217000.0, 2314000.0, 398000.0, 293000.0, 192000.0, 76000.0, 73000.0, 4000.0, 15000.0, 0.0, -14000.0, 29000.0, 59000.0, 181800.0, 218000.0, 20900.0, 17000.0], "normalized_ebitda": [9739000.0, 7421000.0, 7200000.0, 8086000.0, 7391000.0, 6074000.0, 5689000.0, 5472000.0, 4280000.0, 4015000.0, 4445000.0, 5469000.0, 3340000.0, 3826000.0, 4528000.0, 4519000.0, 4143000.0, 3656000.0, 2169000.0, 2675000.0, 1029000.0, 1401000.0, 2353000.0, 1250000.0, 1532000.0, 802000.0, 2277000.0, 9893000.0, 8397000.0, 1030000.0, 355000.0, 486000.0, 714100.0, 576000.0, 379500.0, 507200.0, 407300.0], "tax_effect_of_unusual_items": [-23989.0, -15540.0, -31280.0, -52965.0, -129626.0, -29539.0, -72500.0, -73980.0, -28805.0, -63305.0, -105356.0, -2616.0, -57493.0, -64670.0, 11102.0, 18787.0, 45778.0, 23131.0, 13478.0, -4035.0, 86800.0, 753642.0, 120839.0, 99724.0, 76800.0, 30400.0, 23943.0, 1347.0, 4741.0, 0.0, -5600.0, 11600.0, 10493.0, 52843.0, 82952.0, 8360.0, 6800.0], "operating_revenue": [17588000.0, 14461000.0, 14383000.0, 15784000.0, 14961000.0, 13370000.0, 13000000.0, 13045000.0, 12205000.0, 12825000.0, 13735000.0, 13966000.0, 10427000.0, 12501000.0, 13835000.0, 14255000.0, 13392000.0, 12580000.0, 9834000.0, 8383000.0, 8201000.0, 11875000.0, 9468000.0, 8460000.0, 9750000.0, 9940000.0, 13128000.0, 10315000.0, 8523000.0, 7440000.0, 6784000.0, 6567000.0, 6521900.0, 6294800.0, 5594500.0, 4974000.0, 4924500.0], "selling_general_and_administrative": [1660000.0, 1623000.0, 1645000.0, 1684000.0, 1694000.0, 1767000.0, 1748000.0, 1843000.0, 1858000.0, 1804000.0, 1638000.0, 1519000.0, 1320000.0, 1614000.0, 1681000.0, 1697000.0, 1557000.0, 1441000.0, 1249000.0, 1163000.0, 1361000.0, 1669000.0, 1508000.0, 1461000.0, 1532000.0, 1639000.0, 2216000.0, 1761000.0, 1521000.0, 1300000.0, 1371000.0, 1266000.0, 1112800.0, 1109200.0, 994200.0, 836700.0, 944900.0], "research_and_development": [1553000.0, 1530000.0, 1544000.0, 1559000.0, 1508000.0, 1370000.0, 1280000.0, 1358000.0, 1522000.0, 1877000.0, 1715000.0, 1570000.0, 1476000.0, 1940000.0, 2155000.0, 2195000.0, 2015000.0, 1978000.0, 1748000.0, 1619000.0, 1598000.0, 1747000.0, 1333000.0, 1206000.0, 1536000.0, 1181000.0, 0.0, 0.0, 0.0, 0.0, 0.0, 0.0, 0.0, 0.0, 0.0, 0.0, 0.0], "depreciation_amortization_depletion": [0.0, 0.0, 0.0, 0.0, 0.0, 0.0, 0.0, 0.0, 0.0, 0.0, 0.0, 0.0, 0.0, 0.0, 0.0, 0.0, 0.0, 0.0, 0.0, 0.0, 0.0, 0.0, 0.0, 0.0, 0.0, 0.0, 0.0, 0.0, 0.0, 610000.0, 590000.0, 541000.0, 453700.0, 389800.0, 380100.0, 426200.0, 515900.0], "other_operating_expenses": [0.0, 0.0, 0.0, 0.0, -119000.0, 0.0, 0.0, 0.0, 0.0, 0.0, 0.0, -144000.0, 0.0, 0.0, 0.0, 0.0, 0.0, 0.0, 0.0, 0.0, 0.0, 0.0, 0.0, 0.0, 0.0, 0.0, 0.0, -8149000.0, -7067000.0, 0.0, 0.0, 0.0, 0.0, 0.0, 0.0, 0.0, 0.0], "interest_income_non_operating": [0.0, 0.0, 0.0, 0.0, 0.0, 8000.0, 14000.0, 13000.0, 0.0, 40000.0, 11000.0, 13000.0, 24000.0, 76000.0, 0.0, 0.0, 0.0, 0.0, 0.0, 0.0, 0.0, 0.0, 0.0, 0.0, 0.0, 0.0, 0.0, 0.0, 0.0, 0.0, 0.0, 0.0, 0.0, 0.0, 0.0, 0.0, 0.0], "interest_expense_non_operating": [183000.0, 190000.0, 170000.0, 125000.0, 78000.0, 80000.0, 90000.0, 94000.0, 95000.0, 85000.0, 42000.0, 0.0, 0.0, 0.0, 0.0, 0.0, 0.0, 0.0, 0.0, 0.0, 0.0, 0.0, 0.0, 0.0, 0.0, 0.0, 0.0, 0.0, 0.0, 0.0, 0.0, 0.0, 0.0, 0.0, 0.0, 0.0, 0.0], "total_other_finance_cost": [0.0, 0.0, 0.0, 0.0, 0.0, -14000.0, -14000.0, 0.0, 0.0, 0.0, 0.0, 0.0, 0.0, 0.0, 0.0, 0.0, 0.0, 0.0, 0.0, 0.0, 0.0, 0.0, 0.0, 0.0, 0.0, 0.0, 0.0, 0.0, 0.0, 0.0, 0.0, 0.0, 0.0, 0.0, 0.0, 0.0, 0.0], "gain_on_sale_of_security": [0.0, 0.0, 0.0, 0.0, 0.0, 7000.0, 8000.0, 5000.0, 18000.0, 18000.0, 0.0, 0.0, 0.0, 0.0, 0.0, 0.0, 0.0, 0.0, 0.0, 0.0, 0.0, 0.0, 0.0, 0.0, 0.0, 0.0, 0.0, 0.0, 0.0, 0.0, 0.0, 0.0, 0.0, 0.0, 0.0, 0.0, 0.0], "earnings_from_equity_interest": [0.0, 0.0, 0.0, 0.0, 0.0, 0.0, 0.0, 0.0, 0.0, 0.0, 0.0, 0.0, 0.0, 0.0, 0.0, 0.0, 0.0, -1000.0, 0.0, 0.0, 0.0, 0.0, 0.0, 0.0, 0.0, 0.0, 0.0, 0.0, 0.0, 0.0, 0.0, 0.0, 0.0, 0.0, 0.0, 0.0, 0.0], "special_income_charges": [-189000.0, -222000.0, -252000.0, -321000.0, -329000.0, -116000.0, -258000.0, -279000.0, -152000.0, -714000.0, -433000.0, -9000.0, -212000.0, -286000.0, 39000.0, 69000.0, 206000.0, 100000.0, 324000.0, -698000.0, 217000.0, 2314000.0, 398000.0, 293000.0, 192000.0, 76000.0, 73000.0, 4000.0, 15000.0, 0.0, -14000.0, 29000.0, 59000.0, 181800.0, 218000.0, 20900.0, 17000.0], "other_non_operating_income_expenses": [296000.0, 313000.0, 175000.0, 98000.0, -44000.0, -6000.0, -4000.0, 3000.0, -1000.0, -11000.0, 0.0, 0.0, 0.0, 0.0, 0.0, 0.0, 0.0, 0.0, 0.0, 0.0, 0.0, 0.0, 0.0, 0.0, 0.0, 0.0, 0.0, 0.0, 0.0, 0.0, 0.0, 0.0, 0.0, 0.0, 0.0, 0.0, 0.0], "net_income": [7319000.0, 5595000.0, 5017000.0, 5580000.0, 3682000.0, 3595000.0, 2986000.0, 2821000.0, 2162000.0, 1759000.0, 2236000.0, 3228000.0, 1470000.0, 1920000.0, 2657000.0, 4341000.0, 2324000.0, 1861000.0, 1198000.0, -344000.0, -201000.0, 3058000.0, 1406000.0, 407000.0, 1805000.0, 63000.0, 1088000.0, 691000.0, 472000.0, 247000.0, -409000.0, -39000.0, 291700.0, 366300.0, 256900.0, 39900.0, -118700.0], "preferred_stock_dividends": [0.0, 0.0, 0.0, 0.0, 0.0, 0.0, 0.0, 0.0, 0.0, 0.0, 0.0, 0.0, 0.0, 0.0, 0.0, 0.0, 0.0, 0.0, 0.0, 0.0, 0.0, 0.0, 0.0, 0.0, 0.0, 0.0, 0.0, 0.0, 20000.0, 37000.0, 34000.0, 36000.0, 38700.0, 30400.0, 15200.0, 11500.0, 0.0], "otherunder_preferred_stock_dividend": [0.0, 0.0, 0.0, 43000.0, 34000.0, 45000.0, 43000.0, 44000.0, 37000.0, 31000.0, 0.0, 0.0, 0.0, 0.0, 0.0, 0.0, 0.0, 0.0, 0.0, 0.0, 0.0, 0.0, 0.0, 0.0, 0.0, 0.0, 0.0, 0.0, 0.0, 0.0, 0.0, 0.0, 0.0, 0.0, 0.0, 0.0, 0.0]}}